2704 4786
98 487 361 590 ramatha,
390 511 577 576 incertos
607 523 667 576 est.
719 511 803 576 Eum
832 531 899 576 non
931 511 1109 594 Judaeum,
1137 527 1174 582 nt

97 618 200 684 Grsbio
228 621 335 683 uisum
358 628 425 696 est,
454 615 512 680 sed
535 613 816 680 Christianum
843 615 963 697 lmese,
981 618 1066 684 ”oum
1093 621 1174 684 viris

95 722 155 788 aliis
174 722 367 788 doctissimis
393 719 589 784 Gallondint
605 723 635 800 ¹)
659 718 928 803 accceperant)
952 725 1102 789 evincere
1118 745 1173 788 oo-
1295 792 1299 801 ,

94 839 203 892 nonme.
244 823 317 892 Nec
346 825 420 910 plus
449 825 526 890 fidei
549 825 618 890 tibi·
633 825 789 904 lecotint',
821 829 874 909 qni
896 825 1015 894 librum
1036 829 1174 894 intumo
1208 859 1212 866 ⁵

92 929 227 994 ledrot'co
254 930 292 994 t'tt
313 949 469 1016 graecum
489 943 637 1011 vers'um,
669 943 702 994 et
725 927 977 994 Christianorum
1005 951 1101 1002 mutto
1122 933 1174 996 t'tt-

92 1033 265 1118 terpolctcus
280 1037 403 1101 dicum.
441 1033 629 1124 Hebraismi
653 1038 750 1114 enim,
775 1039 830 1122 qui
850 1037 897 1100 ibi
920 1051 1102 1118 occurrunt,
1124 1041 1175 1103 ni·

91 1139 128 1204 hil
148 1139 297 1223 probent,
330 1161 404 1204 cum
426 1152 459 1202 et
481 1161 607 1214 sacrum
630 1141 776 1206 codicem
796 1137 882 1206 'Novi
905 1139 1111 1208 Testamenti
1134 1144 1176 1232 ad

90 1243 291 1308 hebraismum
316 1246 466 1328 proxime
489 1245 645 1308 accedere
669 1265 765 1308 nemo
789 1265 855 1314 non
878 1245 1030 1310 affirmet.
1075 1245 1175 1312 Prae·

89 1361 166 1414 terea
187 1349 226 1414 ab
249 1371 319 1414 crta
349 1371 446 1414 manu
475 1351 585 1414 omnia
607 1351 641 1413 in
663 1347 726 1412 hoc
750 1371 848 1432 opere
877 1353 1054 1435 perscripto
1080 1365 1175 1428 sunit
1258 1407 1262 1416 ,
1303 1403 1313 1418 .

89 1454 187 1518 cadem
215 1457 304 1520 enim
333 1454 454 1538 ubique
481 1453 558 1536 styli
588 1455 671 1518 ratio
700 1455 818 1538 spirat,
846 1463 961 1520 cuncta
989 1477 1055 1520 uno
1085 1459 1176 1540 quasi

87 1573 186 1624 tenore
197 1559 416 1644 aequabiliter
431 1559 545 1636 fluunt,
569 1555 651 1622 nihil
666 1559 875 1638 insincerum,
900 1542 983 1624 nihil
997 1559 1176 1626 interlitum

86 1677 220 1748 apparet3
244 1663 330 1730 nihil
354 1663 438 1749 quod
456 1685 521 1728 non
537 1664 701 1746 proposito
717 1664 885 1728 conducet.
921 1663 1071 1748 Denique
1086 1665 1174 1750 Apo·

87 1765 259 1851 emptorum
281 1787 382 1846 ornos,
406 1765 535 1862 quihic
557 1765 625 1831 illic
648 1767 855 1848 observatur,
885 1782 995 1834 auctor
1016 1771 1079 1835 iste
1102 1791 1175 1835 cum
1212 1853 1216 1861 Ι

86 1871 149 1938 aliis
184 1874 333 1959 ejusdem
367 1875 521 1956 temporit
555 1872 772 1956 scriptoribus
813 1895 1016 1939 communem
1055 1873 1174 1950 habe'tt

86 1979 343 2060 quemadmodum
373 1970 412 2042 et¹
433 1977 509 2042 illas
533 1979 573 2041 de
597 1976 790 2064 Gigantibus
820 1978 947 2042 fabulas
975 1979 1080 2062 deque
1102 2000 1174 2044 oar·

86 2079 143 2146 nali
170 2082 375 2171 Angelorum
404 2104 476 2147 oum
506 2081 697 2147 mulieribus
727 2083 921 2146 commercio
944 2079 1056 2161 Philo,
1080 2081 1174 2148 Josc-
1231 2135 1234 2141 ,

85 2185 165 2269 phun,
187 2183 350 2267 lustinus,
373 2185 612 2273 Athenagoras,
637 2184 791 2252 Clemens
808 2183 1066 2265 Alexandrinus,
1091 2177 1192 2251 Ter--

86 2291 238 2372 tullianus,
263 2293 324 2358 ulii
347 2291 493 2375 amplexi
515 2303 599 2357 sunt.
643 2289 737 2356 Unde
760 2287 922 2354 Marones
936 2291 968 2372 ³)
998 2289 1173 2370 concludit,
1247 2304 1260 2362 ,’

86 2395 156 2460 nihil
178 2419 265 2477 csse,
289 2419 347 2462 our
368 2417 538 2461 vereamur
559 2395 641 2460 haec
664 2408 860 2460 testamenta
881 2395 1076 2462 Patriarchis
1099 2419 1173 2479 sup·
1196 2439 1200 2450 ι

84 2503 176 2581 posita
203 2499 295 2566 uelut
323 2499 596 2588 germanissimum
624 2522 702 2586 opus
723 2499 845 2566 choei
865 2501 901 2565 io
924 2499 1081 2564 Christum
1103 2519 1192 2588 crc-⁸

85 2603 177 2667 dentis
199 2609 314 2670 citare.
359 2601 439 2684 Nos,
463 2609 524 2671 esti
546 2628 612 2670 non
635 2619 758 2687 temere
780 2605 865 2671 hano
887 2605 1017 2671 Moruni
1040 2616 1173 2669 senten·

85 2711 151 2774 tiam
172 2709 380 2776 subscribere
404 2709 591 2788 audeamus,
615 2699 723 2774 tamen
739 2713 883 2776 'minime
903 2705 1012 2776 Nicol.
1031 2699 1174 2774 Nourrdo

84 2815 143 2878 viro
172 2829 285 2880 cetera
316 2817 509 2898 aequissimo
541 2817 758 2880 assentiamus
790 2815 930 2894 dicenti,
963 2813 1043 2906 lucc
1071 2821 1174 2878 detto-

84 2927 178 2984 emta
195 2918 371 3005 perpetuis
385 2915 495 3000 stricte
517 2917 657 2984 tenebris
679 2919 870 2984 damnando.
886 2920 918 2998 ⁴)
964 2919 1173 3003 Scriptorem,

85 3026 215 3108 quisquis
240 3023 299 3089 ille
322 3036 385 3102 est,
407 3025 533 3088 uixisse
556 3022 623 3087 tud
639 3023 766 3107 finem
789 3023 932 3088 secuti
954 3021 979 3088 I
996 3047 1067 3090 cum
1083 3023 1172 3088 Dod-

83 3126 176 3208 uello,
209 3123 337 3208 Wolfio,
361 3129 497 3213 aliisque
515 3151 566 3193 ex
589 3151 628 3193 eo
653 3131 858 3214 conjicimus,
882 3129 967 3212 quod
990 3131 1030 3194 de
1053 3127 1173 3194 Hiero·
1284 3203 1291 3213 Ι

84 3231 273 3316 solymorum
310 3235 440 3300 excidio
479 3247 513 3297 et
541 3221 781 3301 calamitatibus
804 3235 937 3300 ludaeis
967 3235 1009 3301 ob
1039 3236 1171 3302 caedem

85 3333 197 3402 Christi
220 3339 353 3406 indictis
375 3339 554 3405 disseritur.

161 3537 192 3596 2.
228 3529 376 3598 Eorum
399 3531 845 3618 argumentostcllooa
869 3541 1085 3618 excerpto.
1155 3601 1159 3613 ,

160 3671 190 3758 §.
213 3681 309 3749 11⁰0
353 3672 474 3740 Auctor
496 3695 562 3738 non
585 3679 651 3737 tam
674 3672 781 3736 animo
800 3671 980 3755 decipiendi
1002 3693 1097 3757 quam
1114 3671 1171 3739 Ju·
1301 3729 1306 3752 ,

90 3845 290 3861 u*—

147 3952 174 4012 t)
191 3951 218 4004 in
236 3952 361 4006 nntimh.
380 3957 445 4005 vett.
464 3952 518 4006 PP.
538 3952 570 4005 Τ.
589 3952 609 4004 l.
627 3953 756 4026 Pmlegg.
776 3968 798 4006 c.
815 3951 861 4004 VI.
880 3969 904 4022 p.
923 3955 966 4004 51.

144 4039 174 4097 nl
191 4038 217 4091 in
235 4039 306 4093 illst.
325 4039 474 4092 theol-etit.
493 4039 524 4094 Τ.
544 4041 565 4094 1.
584 4057 609 4111 p.
629 4045 688 4096 att.
707 4057 747 4111 sq.
1000 4039 1002 4044 ’

144 4125 174 4187 8)
191 4126 218 4178 in
235 4125 311 4180 Libr.
330 4125 372 4178 Dc
392 4125 528 4180 divinitate
546 4127 581 4182 D.
599 4127 633 4180 Ν.
651 4127 716 4182 Jesu
735 4125 796 4181 Chr.
820 4125 959 4178 manifesta
981 4125 1007 4178 in
1026 4123 1171 4194 Scriptnrit

86 4211 107 4258 tt
123 4209 270 4266 'l’rrditionc
288 4213 389 4278 (Paris.
410 4217 485 4269 1748.
505 4215 537 4277 f.)
555 4215 614 4268 Lib.
634 4215 668 4269 11.
688 4229 713 4268 c.
732 4220 756 4267 1.
775 4211 800 4278 §.
817 4218 843 4268 t.
861 4231 888 4284 p.
907 4215 967 4267 too.
985 4227 1027 4281 sq.

144 4297 175 4363 t)
192 4298 219 4352 in
235 4301 363 4370 Apparet.
380 4299 414 4362 ad
431 4299 555 4354 Biblioth.
574 4299 624 4356 SS.
643 4299 697 4354 Pe.
715 4299 806 4372 bugd.
825 4298 858 4352 Τ.
877 4299 900 4353 1.
919 4317 945 4370 p.
964 4301 1024 4352 24⁰.
