2614 4790
434 263 438 270 .
577 259 656 359 Μ,

52 506 116 572 dnn
142 505 278 570 curavit
308 505 347 572 in
369 501 464 579 Illit-
486 500 531 570 Π
549 456 739 594 soeategu,
759 502 810 568 uri
831 501 958 586 (Oxou.
989 507 1084 570 ortt.
1106 497 1151 576 li.

51 615 90 690 8.)
111 604 152 672 Τ.
176 606 206 672 1.
218 629 228 682 3
260 621 297 674 st
320 608 408 676 hene
430 610 654 674 recensionem
683 609 820 693 abactis
842 610 909 674 suis
931 627 1057 692 quoqne
1079 608 1150 704 arpi·

51 712 336 781 nadrerrionibns
356 713 470 778 Andrr
491 712 568 778 Gal
575 712 676 782 laad
683 712 742 778 iar
763 715 799 778 in
820 709 975 778 biblioth.
992 718 1070 776 cett.
1087 709 1150 776 ΡΡ.

50 817 85 882 Τ.
99 819 125 882 1.
146 821 305 902 recepte

583 1009 644 1078 lX.

370 1137 429 1212 Dc
455 1137 668 1229 'Sibyllinis
704 1139 828 1212 libris.

264 1301 295 1356 t.
330 1249 477 1358 ldarmn
499 1289 614 1378 origo
638 1299 677 1354 el
699 1292 940 1356 auctoritas.

130 1413 162 1500 i·
196 1423 293 1490 112·
339 1414 452 1487 Plures
476 1416 548 1500 jam
579 1415 662 1497 apud
692 1415 932 1498 antiquissimos
961 1433 1086 1480 summa
1116 1415 1151 1478 in

53 1521 172 1586 honore
191 1520 296 1584 inisse
320 1513 573 1597 Sibyllarum
589 1522 619 1599 ¹)
643 1521 774 1584 nomine
790 1517 1024 1602 Prophetissns,
1047 1516 1151 1584 veluti

52 1622 230 1701 Persicam,
252 1613 501 1704 Babylonicum,
524 1619 732 1704 Delphicam,
756 1621 940 1702 Gomorram,
968 1621 1149 1706 Trojaaaoa

57 1725 261 1806 Tiberiana,
275 1726 385 1804 alias,
409 1748 521 1791 ornnes
544 1741 672 1792 norunt.
718 1729 761 1794 Et
784 1750 829 1794 ex
850 1730 909 1806 iis,
931 1749 1013 1812 quae
1035 1728 1075 1792 de
1098 1726 1150 1792 bis

54 1832 202 1898 omnibus
232 1853 253 1896 a
279 1829 456 1896 Veteribus
483 1835 682 1916 accepimus,
711 1832 794 1898 illud
821 1854 900 1898 sane
931 1835 1149 1918 consequitur,
1184 1882 1190 1895 s

55 1937 205 2002 extitisse
228 1933 307 2001 olim
331 1935 415 2018 apud
436 1935 586 2024 Pegasos
608 1938 756 2016 feminas,
780 1951 888 2003 oestro
905 1938 1043 2020 quodam
1059 1937 1150 2019 quasi

53 2043 204 2106 divinitus
231 2043 377 2105 iurnrisso
399 2043 555 2123 percitus,
585 2063 664 2125 quas
686 2053 721 2108 ut
749 2041 880 2106 oracula
903 2037 1072 2106 consulere
1094 2063 1148 2104 so·

53 2147 174 2211 iebant.
221 2143 281 2210 De
299 2167 338 2210 eo
363 2159 470 2209 autern
491 2145 649 2210 dubitatio
671 2159 837 2222 movetur,
866 2147 972 2210 sintne
995 2141 1074 2208 libri
1094 2141 1151 2208 illi

53 2259 120 2316 octo
144 2251 188 2316 ad
211 2250 296 2314 bunc
319 2251 405 2314 diem
427 2255 615 2334 superstites
637 2251 760 2314 iidem
784 2249 936 2332 Sibyllini
957 2247 1048 2327 libri,
1069 2268 1149 2332 qnos

52 2369 179 2420 veteres
203 2354 382 2422 Gentilium
410 2359 580 2440 scriptores
602 2357 754 2436 laudant,
783 2378 824 2420 an
848 2353 916 2420 alii.
961 2350 1064 2418 Eos
1050 2371 1148 2459 sapo-

49 2461 146 2524 rtorir
168 2459 339 2544 cujusdam
362 2484 441 2544 opus
465 2484 557 2541 esse,
586 2461 640 2525 vel
664 2484 707 2526 ex
738 2459 847 2526 sola
838 2480 981 2546 ipsorum
1007 2457 1148 2528 lectione

50 2565 255 2654 intelligitur.
301 2565 345 2630 Et
369 2561 643 2628 Christianam
651 2567 792 2666 quidem
814 2564 960 2648 plerique
984 2575 1149 2628 auctorem

49 2672 149 2736 inisse
173 2670 391 2750 contendunt,
415 2673 488 2754 qui,
511 2684 546 2736 ut
569 2693 647 2754 opos
669 2693 763 2738 suurn
785 2669 973 2758 gentilibus·
986 2669 1148 2750 acceptius

49 2777 173 2850 iaceret
203 2788 236 2838 et
264 2774 483 2858 probabilius,
515 2775 677 2858 complura
706 2797 750 2840 cx
780 2751 915 2840 vetndtis
937 2773 1150 2838 Ethnicornrn

49 2879 191 2946 oraculis
212 2879 312 2967 longe
344 2893 419 2944 ante
444 2879 564 2946 Christi
588 2880 759 2944 adventurn
782 2879 880 2973 editis
903 2879 1092 2960 excerpsit,·
1115 2887 1149 2940 et

49 3009 118 3050 cnm
141 2984 195 3050 his
218 2983 286 3050 alia
315 2985 459 3068 ejusdem
488 2988 619 3072 generis
647 2984 777 3050 oracula
798 2984 994 3068 propheticis
1016 2995 1149 3056 senten·

49 3092 102 3154 tiis
131 3102 372 3167 consentanea,
403 3112 485 3174 quae
513 3091 596 3173 epod
622 3103 739 3175 gentes
763 3111 807 3156 ex
829 3089 1055 3154 Hebraeorum
1082 3099 1152 3152 tra·'

49 3193 173 3256 ditione
195 3205 292 3276 atque
314 3193 472 3258 Mosaicis
500 3193 592 3258 libris
616 3207 828 3270 coenaverunt
850 3195 1045 3282 connexuit,
1075 3191 1148 3274 plu·

48 3300 129 3361 rima
157 3317 237 3360 vero
267 3319 312 3362 ex
341 3299 419 3378 ipsis
448 3295 509 3362 SS.
542 3297 715 3382 Scriptnris
745 3313 811 3364 tunr
834 3301 954 3363 veteris
983 3311 1051 3362 tum
1073 3300 1149 3362 nori

51 3399 256 3468 Testamenti
287 3402 433 3466 desumta
462 3405 497 3466 io
520 3425 616 3467 unum
641 3407 879 3468 consarcinavit
909 3415 941 3466 et
964 3401 1149 3478 collectioni

50 3529 126 3570 snae
149 3507 298 3570 inseruit.
342 3504 450 3570 Multa
472 3521 614 3572 ceterurn
637 3511 670 3572 in
694 3507 755 3572 hac
771 3501 965 3573 collectione
982 3521 1151 3574 occurrunt

49 3607 176 3693 inepta,
191 3607 309 3692 srrlru,
341 3613 425 3699 quin·
441 3623 474 3675 at
495 3615 624 3677 veritati
648 3613 858 3697 christianae
875 3613 1066 3698 quandoque
1089 3611 1147 3678 ad-

50 3717 223 3796 versantia,
248 3739 331 3802 quae
354 3719 424 3782 sive
441 3707 609 3783 =humanae
632 3717 849 3783 imbecillitati
869 3719 1072 3798 exciderunt,
1094 3717 1148 3783 vel

52 3821 90 3884 ab
125 3835 259 3888 auctore
292 3821 429 3888 fortasse
465 3825 564 3888 etiarn
600 3823 746 3890 consulto
776 3823 832 3906 (ne
862 3845 899 3888 se
930 3821 1149 3889 Christianum

51 3927 213 4009 proderet)
228 3929 382 3992 immixta
398 3941 483 3993 sunt.
529 3928 583 3994 Ex
607 3950 646 3992 eo
668 3950 775 4034 porro3
800 3927 883 4010 quod
906 3939 1017 3992 auctor
1032 3925 1147 3992 Cobor-

112 4211 146 4274 ι)
162 4203 295 4276 Sibullae
312 4225 410 4264 nomn
425 4211 482 4264 sive
499 4201 595 4275 s'stdr,
615 4177 704 4264 dorica
722 4211 740 4264 i.
760 4227 786 4280 q.
805 4207 921 4271 dede:
932 4207 1015 4275 asir,
1031 4212 1064 4260 et
1081 4211 1146 4276 ῥου-

46 4296 90 4364 ln'3
108 4297 167 4350 sive
186 4299 220 4350 cb
238 4291 377 4392 7⁴ssch
395 4313 421 4366 q.
439 4313 462 4350 c.
480 4296 586 4364 lvere,
605 4299 831 4364 transerunt,
851 4296 993 4350 deducar.
