2614 4790
592 326 666 396 187

506 434 513 456 Ι
525 423 732 440 Μ

82 565 164 630 quse
185 541 314 606 ratione
335 531 368 606 'et
382 542 509 625 judicio
530 551 679 620 utuntur,
706 541 790 608 uitii
811 541 856 608 ad
875 541 1012 606 uites-ius
1034 539 1102 604 siue
1123 559 1175 603 ss·

79 649 224 732 periuris
246 647 314 711 siue
335 645 503 730 inferioris
522 669 611 712 usum
633 655 773 712 creatum
795 655 853 726 est,
875 647 933 712 sed
952 648 997 711 ud
1005 644 1177 732 propriam

81 773 204 831 eorum,
235 773 317 838 pune
338 759 507 832 creantur,
530 754 629 816 uitem
652 761 684 816 et
700 753 955 841 perpetuitatem
971 797 980 816 .
999 794 1035 813 ..
1081 747 1175 826 Ques

82 881 179 942 quum
197 859 245 922 isa
265 860 342 936 siut,
365 856 474 942 liquet,
495 856 598 931 Deum
619 859 663 940 (si
674 859 782 942 primo
805 863 837 921 et
857 855 959 921 totius
968 861 1087 940 putens
1100 873 1175 918 con·
1280 917 1283 922 .

79 949 244 1025 Mamur
269 961 370 1045 rutis)
396 967 532 1047 propter
559 963 693 1046 seipsum
720 969 752 1027 et
781 961 953 1026 elucentem
979 959 1016 1022 iss
1037 957 1176 1022 omsribus

79 1066 187 1149 ipsius
212 1064 360 1151 operibus
389 1065 560 1131 tossitutem
587 1073 619 1130 et
645 1067 840 1150 sapientiam
862 1067 1036 1131 adductum
1055 1060 1174 1146 fuisse,
1204 1100 1207 1108 ν

79 1179 119 1234 est
148 1169 297 1234 tontum
320 1168 472 1252 facerem
503 1171 533 1256 si
561 1193 636 1235 uero
662 1169 798 1256 propios·
827 1179 860 1236 et
887 1169 968 1254 ipsis
991 1167 1176 1263 ·iominitus
1228 1231 1229 1234 ,

80 1275 206 1339 mentis
227 1275 365 1340 interior
386 1276 471 1340 ratio
492 1283 662 1360 spectetur,
679 1283 818 1362 propter
837 1275 977 1360 ipsorum
991 1273 1175 1358 uitusspes·

77 1393 297 1464 petuam...
344 1379 406 1456 Qui
435 1379 516 1444 enim
546 1381 647 1464 ipsius
675 1379 839 1445 Creator-is
860 1379 1064 1444 simulacrum
1085 1378 1121 1441 in
1141 1399 1176 1442 se

71 1483 203 1567 ferunt,
227 1505 267 1547 oc
288 1490 390 1547 mente
409 1484 556 1568 praestiti
577 1493 610 1549 et
631 1485 772 1550 rationis
785 1484 947 1569 judicium
968 1483 1076 1548 sortiti
1088 1489 1174 1562 suns,

78 1589 124 1652 iis
140 1589 397 1674 perpetuitatem
424 1587 596 1674 despondit
615 1597 647 1654 et
668 1589 843 1654 destinauit
865 1597 1008 1667 creator,
1037 1593 1075 1652 us
1096 1607 1173 1652 auc-

77 1701 180 1756 torem
206 1692 295 1756 susem
324 1695 451 1778 ejusque
465 1693 652 1778 ‚potentiam
675 1701 706 1758 et
727 1693 920 1780 sapientiam
943 1697 1175 1780 cognoscentes,

79 1821 121 1860 as
143 1795 214 1883 tegi
236 1805 267 1859 et
276 1797 429 1878 justitiae
443 1795 652 1884 obsequentes,
670 1809 828 1884 perpetuo
846 1843 855 1860 .
874 1844 883 1862 .
901 1803 1124 1882 permaneant.
1141 1796 1173 1878 ¹)

78 1902 133 1967 Dc
149 1913 236 1966 statu
259 1913 366 1966 autem
388 1901 527 1968 hominis
549 1917 621 1986 post
642 1917 807 1988 peccatum
828 1907 875 1968 itu
889 1905 938 1966 vir
953 1915 1083 1968 sauctus
1097 1923 1173 1967 seu·
1278 1903 1281 1910 '

81 2009 135 2071 rie:
164 2005 300 2083 Animo,
331 2025 398 2068 mom
427 2007 583 2070 materiae
611 2007 760 2090 spiritam
788 2006 852 2071 sibi
881 2005 1052 2084 adsciscit,
1082 2006 1173 2092 eique

81 2109 310 2186 commiscetur,
339 2129 402 2172 non
430 2109 581 2176 coelestio
612 2119 644 2175 et
672 2133 776 2176 eorum
805 2109 952 2196 opificem
979 2111 1173 2189 considerat,

80 2215 136 2278 sest
164 2215 309 2278 deorsum
338 2215 383 2278 oei
411 2217 581 2280 terrestria
611 2225 708 2303 atque
736 2218 780 2282 cot
809 2225 945 2294 terrum,
974 2223 1012 2279 ut
1040 2215 1174 2301 sangnis
1272 2291 1276 2296 Ι

82 2324 204 2382 tantum
226 2327 259 2381 et
281 2339 367 2397 coro,
390 2341 453 2383 non
467 2323 540 2404 jum
560 2331 665 2406 purus
686 2321 831 2406 spiritns,
854 2321 1003 2404 depresso
1027 2325 1073 2382 est
1095 2363 1104 2380 .
1129 2365 1138 2382 .
1163 2364 1172 2382 .

83 2421 157 2486 cun
179 2433 286 2488 curem
307 2433 420 2489 tenero
442 2433 474 2488 et
486 2425 617 2510 flexilis
639 2427 757 2505 animo,
781 2447 821 2490 oc
843 2423 1030 2488 robustioris
1051 2423 1172 2487 doctri·

80 2547 139 2592 noe
153 2529 274 2611 Jejuno
297 2537 328 2592 et
348 2530 533 2614 insuperto,
556 2537 588 2593 et
609 2530 760 2595 ueritatis
781 2527 1041 2612 curtempluudoe
1055 2549 1094 2590 ac
1110 2525 1173 2591 tta·

81 2631 139 2696 trs's
160 2639 194 2696 et
216 2629 344 2715 opificis
364 2633 581 2700 ussiosrsosum
609 2635 837 2701 considerandi
857 2632 997 2698 insolens
1017 2633 1174 2720 impressu

80 2745 110 2799 et
130 2737 244 2802 inusta
265 2738 310 2803 sit
325 2737 429 2821 sutsi's
451 2741 492 2804 de
513 2759 546 2804 se
567 2739 783 2824 opinionibus,
805 2743 980 2818 doemones,
1005 2739 1060 2828 qni
1082 2722 1188 2802 circo¹

79 2843 247 2907 materiam
274 2853 461 2924 versantur,
481 2889 519 2908 ..
547 2843 742 2932 hominesque
765 2845 802 2909 in
823 2843 979 2928 fraudem
1005 2843 1172 2920 inducunt,

79 2945 232 3031 adhibitis
260 2948 298 3011 iss
318 2947 480 3013 nuuiiiuss
501 2947 588 3015 hisce
608 2949 758 3032 motibus,
787 2951 842 3037 qui
870 2949 963 3053 uulgi
989 2948 1108 3012 animos
1129 2947 1174 3014 at

71 3047 183 3131 salsas
216 3052 380 3136 opiniones
412 3053 593 3135 inclinent,
631 3077 735 3120 eorum
767 3065 885 3120 nentes
915 3052 1073 3119 inuadunt
1096 3097 1106 3115 .
1129 3094 1173 3116 ..

78 3156 173 3235 Quot
203 3171 314 3222 tumen
342 3181 408 3223 non
436 3161 586 3244 impedit,
617 3163 786 3246 quominus
812 3179 874 3244 per
894 3179 928 3224 se
948 3157 1038 3243 ipso,
1065 3161 1175 3244 utpote

78 3261 280 3342 issssostoiis,
303 3265 534 3328 accommodate
555 3267 600 3330 at
621 3265 776 3330 rationem
796 3272 976 3344 moueatur,
997 3261 1052 3328 vet
1074 3265 1173 3327 etium

70 3365 192 3448 sutura
216 3365 403 3452 praedicat.
417 3370 450 3450 ⁹)

121 3562 149 3606 e.
183 3540 243 3606 De
269 3539 586 3608 immortalitate
612 3543 767 3608 ursimus
796 3551 833 3608 et
861 3541 1047 3627 corporis
1069 3561 1127 3606 re·

494 3647 763 3712 surrectione.

163 3767 192 3854 5.
215 3777 315 3844 100·
360 3767 420 3835 Eu
440 3769 614 3856 singularis
636 3770 865 3857 Athenagorae
887 3767 945 3832 De
966 3787 1171 3834 resurrec-

76 3872 188 3936 tione
208 3881 445 3936 mortuorum
466 3875 551 3938 liber
578 3877 613 3938 in
642 3873 792 3942 munibus
813 3878 949 3956 uostris,
977 3878 1011 3940 iu
1034 3897 1096 3960 quo
1110 3876 1171 3937 're-

77 3976 187 4042 usuris
214 3979 353 4062 primurn
383 3979 620 4062 objectionibus
650 3981 908 4047 adversariorum
935 3979 1055 4065 triplici
1076 3999 1171 4064 urgu-

76 4095 185 4148 menso
205 4084 360 4174 tauram}
372 4083 512 4149 housiuis
533 4089 804 4152 rcsunectiouom
825 4085 952 4171 probus,
976 4087 1078 4171 primo
1100 4083 1170 4166 qui·

146 4225 177 4290 1)
194 4223 238 4278 Dc
256 4231 397 4278 resurrect.
415 4231 575 4306 mortuorum
594 4241 617 4281 c.
637 4227 764 4295 turned,
782 4245 809 4298 p.
827 4231 879 4281 345
896 4243 936 4296 sq.
978 4281 982 4290 ,
1035 4229 1043 4244 ⁴

144 4313 174 4378 2)
192 4311 291 4384 Legst.
309 4329 358 4384 pro
376 4311 484 4368 curten.
502 4331 526 4368 c.
543 4317 586 4383 tt,
603 4331 630 4385 p.
647 4317 708 4368 8²5.
