2686 4794
586 279 796 392 AB...

143 503 240 588 hujus
268 497 416 585 Apostoli
443 502 479 566 in
506 495 646 565 insulam
667 495 823 564 Puthmos
852 497 1091 586 relegationem
1121 519 1243 566 exars-

143 621 210 684 tum
238 605 352 672 fuisse'
369 604 462 684 dicit,
489 603 522 669 id
545 603 694 670 omuibus
723 604 862 688 antiquis
890 600 1106 686 scriptoribus
1136 603 1243 671 eecle-
1276 643 1279 650 ‹

96 725 103 758 ¹
143 713 285 780 siastiois
318 709 519 776 adversatur.
569 707 745 774 haereres
776 698 873 773 nemo
907 709 1110 791 antiquorum
1144 707 1244 794 hujus

143 817 344 884 monumenti
372 816 584 880 mentionem·
600 813 693 898 iecit,
724 825 760 878 et
779 811 912 879 Photiua
933 811 1150 900 fragmentum
1173 817 1244 899 qui·

144 922 220 988 dam
243 941 289 987 ex
310 922 548 1002 eoexcripsit,
579 919 639 984 sed
667 917 759 984 nullo
788 917 921 992 laudato
945 917 1088 982 asciam
1108 907 1243 984 aoniae

144 1027 219 1111 lpse
247 1045 373 1110 quoque
402 1023 585 1090 Bollnndus
615 1025 756 1112 ingenue
784 1023 920 1102 fatetur,
947 1021 1077 1091 nullum
1105 1009 1245 1089 doctoris

144 1151 264 1198 noman
295 1131 329 1194 in
349 1131 486 1216 ,graecis
510 1125 685 1194 Codicibus
707 1127 798 1194 hisee
821 1113 901 1193 actis
924 1127 1027 1220 fuisse¹
1049 1126 1243 1211 praefixum.
1334 1199 1339 1206 ,

146 1233 336 1323 sigehertus
359 1233 487 1298 demum
512 1223 757 1298 Gemblaoensis
778 1234 900 1316 primus
921 1232 1069 1315 fuit‚'qui
1091 1231 1243 1316 Polyara-

145 1351 212 1404 tem
241 1349 406 1425 auctorem
438 1357 511 1400 esse
542 1357 589 1402 ex
617 1335 721 1400 lutino
752 1335 933 1419 examplari
964 1335 1130 1401 desumsit.
1180 1335 1245 1404 His

60 1458 63 1463 “
145 1443 282 1528 aliisque
309 1441 489 1507 rationibus
518 1443 656 1524 permoti
685 1439 934 1519 Tillemootius,
966 1439 1157 1521 ceillierus,
1186 1439 1245 1522 ulii

144 1545 218 1614 VV.
241 1545 318 1613 DD.
341 1545 453 1612 seculo
476 1545 606 1610 demum
634 1547 745 1629 quinto
768 1557 823 1610 aut
845 1557 942 1610 sexto
966 1543 1048 1610 haec
1070 1559 1144 1612 oeta
1165 1567 1244 1612 con·

145 1655 264 1736 scripta
286 1673 360 1717 asse
383 1649 589 1714 arbitrantur.
604 1683 647 1697 -
682 1647 773 1716 Obiit
795 1662 904 1716 autem
925 1647 1114 1732 Polycrates
1136 1663 1245 1718 eetste

145 1757 349 1844 grandaevus
373 1777 425 1822 ao.
449 1775 477 1819 c.
501 1758 576 1820 200.

129 2027 132 2038 ·
269 2001 316 2084 2.
343 1985 524 2118 d’olmos
562 1983 830 2071 Amostridis
859 1982 1121 2098 Episcopus.

232 2172 263 2258 i·
286 2179 384 2250 8¹5.
428 2170 465 2238 S.
487 2171 646 2238 Pedasos
667 2171 860 2238 Anartsids't
881 2170 917 2236 ia
934 2169 1034 2236 Porcio
1049 2169 1243 2258 Episcopus,

100 2279 108 2286 ”
145 2277 224 2346 sS.
242 2273 408 2360 'Dionysio
432 2276 602 2344 Corinthio
630 2281 665 2343 in
694 2277 832 2362 epistola
858 2277 899 2342 ad
920 2277 1161 2344 Amastriansm
1188 2299 1243 2342 eo-

144 2382 280 2450 clesiam
302 2379 347 2465 (d.
371 2385 460 2458 stu.)
483 2379 605 2448 diserte
632 2395 900 2449 commemoratus
915 2383 946 2464 ¹)
975 2381 1103 2447 videtur
1131 2394 1245 2448 auctor

145 2487 245 2554 tuine
273 2481 447 2568 Epistulae
473 2487 519 2550 de
546 2494 721 2571 tempore
742 2483 961 2550 Porcdois's
989 2484 1242 2566 celebrandi,

144 2609 227 2676 puae
253 2588 376 2653 smoniae
405 2584 638 2674 Episcoporuoc
663 2579 754 2654 Pieri
780 2589 826 2653 ad
853 2588 889 2656 S.
919 2588 1075 2654 Victorem
1100 2588 1241 2670 Potis-

145 2714 211 2760 ceas
232 2692 407 2758 Romam
428 2693 554 2778 scripto
577 2701 634 2758 ert.
649 2697 681 2780 ²)
726 2695 856 2762 Etenim
877 2697 962 2760 inter
991 2693 1127 2777 multus,
1157 2719 1241 2780 qnae

145 2810 221 2866 tunc
244 2801 398 2882 temporis
420 2797 462 2864 ob
486 2800 623 2866 eandem
646 2785 901 2866 controversiam
918 2797 1055 2866 'habitos
1077 2813 1163 2880 sunt,
1185 2823 1241 2885 sy·

145 2903 253 2970 nodos·
267 2900 429 2969 Eusebius
451 2906 550 2968 etiam
574 2905 744 2985 acclesiae,
768 2927 851 2990 quae
873 2905 934 2970 fuit
953 2907 989 2970 in
1010 2905 1125 2984 Ponto,
1148 2927 1241 2971 men·

145 3009 268 3074 tionem
295 3006 390 3088 facit,
419 3021 452 3072 et
479 3011 514 3074 in
536 3009 766 3094 Episcoporum
797 3033 951 3077 consessu
972 3009 1118 3076 Palmum
1139 3009 1242 3076 fuisso

39 3112 41 3118 ’
141 3111 327 3199 praesidem
349 3123 501 3193 testatur,
530 3133 593 3176 ooo
615 3113 693 3200 poio
714 3113 977 3200 metropolitanus
999 3116 1041 3197 (is
1064 3116 1151 3178 enim
1172 3127 1243 3182 tum

144 3215 378 3284 Heracleensis
406 3221 573 3302 episcopua
600 3211 690 3300 soit),
718 3219 775 3283 ted
802 3217 880 3304 puta
909 3216 1145 3304 antiquissimas
1173 3219 1244 3301 ejas

94 3403 103 3412 ἱ
140 3321 332 3406 prouinciae
359 3321 574 3426 cpiscoporum
604 3330 687 3387 crat.
702 3324 734 3404 ³)
777 3321 851 3406 Ipsa
873 3345 950 3388 vero
974 3323 1128 3407 epistola,
1158 3345 1243 3408 quae

146 3439 291 3513 tempore
314 3425 449 3492 Eusebii
472 3429 617 3508 exstitit,
640 3449 725 3494 nunc
745 3426 957 3494 derideretur.

207 3673 254 3756 3.
285 3655 539 3767 Bachyllus
557 3659 806 3775 Episcopus
836 3655 1178 3746 Corinthiorum.

233 3847 263 3933 d.
286 3855 388 3940 m.
423 3844 459 3911 S.
482 3845 749 3931 Bacchyllou
774 3847 918 3913 Corinthi
938 3847 974 3912 c'n
991 3847 1120 3932 Acdoju
1137 3845 1241 3935 Epis-

181 4041 185 4058 ·
216 4023 245 4086 ¹)
263 4019 363 4076 Basso.
381 4022 450 4076 Risi.
469 4021 533 4078 eccl.
551 4021 596 4075 IV.
616 4025 658 4076 28.
677 4038 717 4076 nr.
735 4027 761 4091 8,
779 4021 820 4076 cd.
839 4021 908 4076 laud.
927 4039 953 4094 p.
971 4027 1031 4078 275.

215 4108 245 4180 2)
263 4106 305 4162 cf.
322 4107 402 4164 Rem.
423 4107 536 4164 ceillier
552 4111 669 4164 Histoire
690 4111 815 4183 gindrffl
833 4110 881 4166 des
903 4118 1009 4166 auteurs
1026 4111 1090 4165 eccl.
1109 4111 1143 4169 Τ.
1160 4111 1196 4169 11.
1213 4129 1240 4183 p.

146 4200 197 4250 m
214 4211 364 4364 glaucias.
381 4283 456 4338 iiiut.
468 4284 532 4340 scd.
550 4284 609 4340 Lib.
627 4285 659 4340 V.
677 4302 701 4343 o.
720 4287 763 4342 28.
780 4300 821 4340 nr.
840 4291 857 4340 2
874 4285 952 4355 meu,
969 4303 996 4358 p.
1009 4287 1072 4341 itt.
