2724 4796
551 212 742 350 ¹rso.

116 465 345 573 suppeditant,
378 496 451 554 noo·
478 487 538 554 ab.
552 485 633 571 apro
662 485 843 571 Apostolis.
859 485 962 562 hissa
994 487 1130 570 scriptas
1163 499 1218 552 snt

118 592 276 672 dictatas,
307 593 367 659 sed
395 613 453 676 per
475 589 928 682 oadioonmrsponoticsm
957 589 1041 655 alias
1071 589 1113 656 sb
1144 589 1218 656 aliis

117 699 340 784 consignatas,
363 709 396 761 et
413 697 618 780 sequioribus
633 698 761 764 demum
783 695 915 775 ceaulin
938 694 1105 762 nonnullis
1119 697 1218 762 etiarn
1326 783 1327 786 Ἴ

117 801 204 870 male
227 803 356 882 additis,
379 805 414 866 in
435 821 530 866 muas
552 805 644 886 quasi
666 821 782 886 corpus
803 813 975 886 congestas
994 823 1086 876 asse;
1108 814 1219 870 tamen
1327 847 1328 860 ,

117 906 249 976 difficile
273 920 340 986 ast,
371 919 419 972 tot
439 895 539 991 lapsis
561 905 682 974 seculis
704 928 790 972 nuno
811 905 941 993 singula
962 929 1155 986 secernere,
1186 919 1220 972 at

117 1025 167 1080 tot
189 1011 365 1096 deperditis
387 1015 623 1092 monumentis,
654 1023 702 1076 tot
731 1023 898 1099 auctorum
927 1011 1010 1076 adeo
1034 1009 1219 1112 nominibus

119 1117 274 1182 extinctis
296 1135 389 1182 suurn
419 1120 532 1202 cuique
560 1117 737 1184 vindicare.
790 1115 1109 1184 circumferebantur
1131 1121 1219 1184 eninr
1331 1108 1332 1156 t

94 1224 174 1290 ,diu
202 1223 313 1302 varia,
347 1245 430 1306 quaa
460 1221 689 1308 Apostolorum
720 1233 753 1284 et
781 1219 832 1285 his
861 1223 1012 1304 proxime
1041 1225 1225 1288 viventium
1305 1243 1312 1261 ¹

117 1331 260 1394 virorum
283 1331 415 1392 nornine
439 1342 472 1391 et
495 1331 654 1414 originem
677 1324 952 1410 praetendebant3
986 1329 1032 1391 sic
1054 1325 1220 1392 Doctrina

120 1431 290 1496 Clementia
311 1427 365 1511 R„
386 1429 583 1495 Didascalico
607 1427 753 1516 ignatii,
770 1429 934 1516 'liturgia
956 1427 1098 1516 Ignatii,
1124 1429 1220 1530 Polq·
1335 1422 1336 1440 ¹

119 1535 215 1622 carpi
229 1535 404 1615 doctrina,
434 1551 509 1601 cett.
554 1539 610 1602 Ex
640 1535 690 1600 his
721 1534 857 1620 aliisque
880 1533 1017 1600 sortasse
1040 1534 1145 1601 atllruo
1167 1539 1218 1606 iu·
1337 1580 1338 1590 κ

119 1643 257 1726 cognitis
280 1653 348 1704 tans
373 1641 524 1728 genuinis
547 1663 642 1725 quarn
664 1641 781 1724 spuriis
804 1641 961 1705 conflatus
985 1661 1058 1705 esse
1080 1641 1219 1726 Aposto-

119 1745 221 1818 lorum
245 1744 510 1826 concitatiores,
545 1745 723 1810 verisimile
747 1757 808 1809 est.
854 1743 940 1810 Hinc
964 1743 1112 1829 equidem
1134 1769 1162 1810 c.
1188 1753 1219 1811 t.

118 1855 151 1916 Ξ.
187 1849 428 1916 Constitionum
460 1849 719 1934 Apostolicorum
752 1849 827 1914 libr.
861 1847 940 1914 Vlll
977 1870 1093 1918 revera
1127 1847 1220 1916 illam

118 1957 221 2020 nostri
244 1953 412 2038 Hippolyti
435 1955 612 2020 doctrinam
640 1953 692 2018 Dc
714 1951 960 2018 charismatibus
990 1976 1062 2020 esse
1085 1977 1218 2038 persua·

118 2081 189 2125 sum
212 2057 293 2122 milri
316 2057 434 2124 habeo.
488 2059 626 2144 Reliqua
654 2079 733 2122 vero
762 2059 907 2143 ejusdem
935 2047 1134 2124 Libri'vlll
1164 2081 1218 2124 ca-

117 2165 186 2248 pita
221 2176 327 2228 utrum
363 2165 434 2247 ipsa
471 2188 596 2250 quoque
638 2161 814 2247 Hippolyto
860 2185 901 2227 an
946 2161 1043 2228 alteri
1080 2165 1219 2248 cuipiam

119 2267 274 2352 Scriptori
297 2269 455 2336 vindicari
478 2269 638 2347 debeant,
667 2267 747 2332 mihi
778 2289 842 2332 non
874 2279 924 2331 est
952 2269 1000 2331 ita
1028 2269 1063 2332 in
1091 2282 1219 2352 promtu

85 2369 240 2462 [dicere.
291 2371 676 2451 accumularemus,
711 2369 1005 2452 anomoeorum,
1040 2373 1130 2437 Gott.
1155 2371 1217 2437 Cu-

117 2497 192 2540 oeus
222 2489 322 2542 toturn
360 2477 478 2547 librum
507 2491 655 2546 octavum
686 2471 958 2544 con‘stitutionurn
989 2477 1218 2564 Apostolorum
1266 2562 1270 2571 ,

83 2657 87 2662 Δ
120 2581 225 2646 eidem
249 2581 362 2648 deberi
385 2587 566 2670 opinantur.
616 2581 774 2650 Doctrina
802 2595 911 2648 autom
941 2585 1024 2668 Περὶ
1045 2581 1218 2670 Xapoopu'·
1248 2591 1254 2606 '

119 2708 184 2777 sou
205 2709 270 2752 uon
293 2687 398 2753 solum
422 2689 462 2753 do
491 2687 679 2754 muneribus
713 2701 746 2750 et
775 2687 888 2752 officiis
919 2687 1161 2770 ecclesiasticis,
1183 2703 1219 2752 nt

120 2791 310 2878 quibusdam
341 2795 444 2859 visum
475 2807 542 2874 est,
577 2794 635 2858 sed
664 2795 836 2876 praecipuo
858 2794 904 2857 de
934 2793 1106 2860 virtutibus
1136 2794 1217 2860 fida-

118 2897 218 2980 lium,
248 2899 288 2964 de
311 2899 396 2964 dono
424 2899 626 2986 linguarum,
657 2897 697 2961 de
728 2899 1028 2984 Enargurnenorunr
1051 2902 1217 2966 curatione

119 3001 256 3088 aliisque
278 3003 442 3070 miraculis
473 3017 506 3067 et
535 3003 685 3088 operibus
715 3003 985 3070 extraordinariis
1007 3007 1040 3068 in
1063 3000 1135 3070 solo
1160 3028 1217 3070 no·

119 3111 207 3174 mine
231 3108 310 3174 lesu
341 3107 462 3174 Christi
491 3109 588 3173 toties
617 3107 751 3190 patratis
780 3120 906 3172 tractat.
959 3109 1002 3173 Et
1025 3107 1220 3175 charismata

120 3215 267 3302 quidenr,
298 3215 344 3279 ait
374 3227 503 3294 auctor,
533 3235 595 3276 aaa
624 3221 698 3276 suat
721 3233 869 3278 concessa
891 3233 996 3277 corato
1018 3233 1134 3296 causo,
1165 3213 1220 3300 qai

121 3325 375 3404 cooperantur,
404 3319 462 3382 red
489 3319 534 3382 od
562 3314 745 3395 irfidcls'uta
767 3315 1015 3396 emersionem,
1049 3316 1219 3404 atquibus
1326 3345 1329 3352 ¹

120 3443 183 3488 aaa
199 3422 368 3506 persuasit
396 3444 511 3503 tanao,
544 3421 599 3487 llos
621 3422 726 3485 rrirtus
748 3419 1063 3510 signanumflcctat,
1096 3443 1136 3486 oc
1154 3445 1218 3508 pu·

121 3529 198 3593 dore
226 3525 367 3604 afficiat.
384 3529 414 3614 ¹)
466 3529 601 3621 Monet,
631 3535 705 3607 „at,
735 3527 791 3614 qai
812 3523 1218 3609 charismatalujusmodi,

120 3653 231 3718 nempe
252 3654 318 3718 per
338 3633 515 3715 miracula,
546 3639 755 3717 occeperunt,
784 3653 848 3695 noa
869 3653 902 3695 re
922 3631 959 3696 irs
981 3653 1050 3712 eos,
1081 3631 1137 3720 qui
1158 3645 1231 3696 ooa'

122 3747 334 3824 acceperunt,
364 3739 523 3824 efferam
552 3737 700 3826 quartiano
728 3757 815 3800 aomo
845 3745 892 3802 est
916 3735 1163 3822 porcariana
1184 3737 1220 3801 ia

121 3843 224 3910 Deum
246 3841 456 3925 credentium,
486 3845 544 3931 qui
571 3865 635 3908 aon
656 3843 831 3926 occeperit.
846 3839 1005 3907 clariano
1027 3841 1202 3930 spirituale
1208 3866 1221 3922 ,-

121 3951 225 4038 ipsun
252 3949 366 4014 sterria
395 3949 470 4029 iao,
505 3950 637 4014 credere
657 3947 728 4012 Deo
749 3946 845 4013 Patri
875 3955 906 4012 et
929 3945 1056 4012 Christo
1077 3945 1147 4013 Deo
1169 3947 1220 4012 ia·

193 4285 222 4350 t)
240 4282 274 4344 S.
292 4281 438 4356 Hippolpt.
458 4283 528 4356 opp.
545 4282 588 4340 ed.
607 4281 710 4338 Fabric.
729 4281 760 4336 Τ.
780 4281 801 4335 1.
819 4299 845 4354 p.
865 4285 923 4338 tte.
969 4325 973 4340 ,
1054 4237 1064 4248 -
