2710 4802
131 521 165 582 iu
197 511 336 600 epistola
365 511 408 578 ud
436 507 578 578 Fabium
608 507 848 576 Antiochenam
880 527 1012 588 eorum,
1051 509 1106 594 qui
1140 509 1247 598 impe·

114 604 227 689 'rante
250 617 357 714 Depic
380 617 571 702 martyrium
592 611 823 681 Alexandriae
843 612 1030 692 subierunt,
1060 617 1247 682 certamina

51 723 71 802 ’,
133 721 319 790 relert'boc
341 723 456 789 ruodo:
503 721 603 804 „lam
633 731 807 806 antequam
838 722 1111 804 eximperatoris
1135 721 1245 788 edicto

23 885 29 895 .
132 823 316 914 persecutio
346 840 461 913 coepta
492 839 561 908 est,
592 825 752 892 infaustus
781 807 910 910 quidam
940 835 1033 890 vates
1061 847 1101 890 ac
1130 831 1246 926 posits,

134 937 278 1021 quisquis
300 933 358 1000 ille
380 933 459 1014 fuit,
492 945 713 1012 commoverat
741 943 838 1016 utque
867 931 1063 995 incitaverat
1085 929 1246 1000 adversus

85 1087 89 1094 .
134 1063 194 1108 nos
226 1037 399 1128 gentilium
432 1036 568 1118 turbas,
602 1039 642 1102 ad
675 1040 822 1103 innatam
853 1037 945 1123 genti
977 1036 1246 1118 superstitionem
1333 1101 1334 1132 ,

135 1147 262 1212 animos
286 1153 402 1208 eorum-
419 1141 610 1210 incendens.
662 1139 714 1208 Ab
744 1139 807 1206 boc
836 1141 936 1228 igitur
955 1137 1098 1206 bomine
1129 1146 1245 1210 stimu·
1333 1185 1334 1198 ,

61 1271 65 1281 ·
132 1247 205 1331 lati,
228 1259 422 1333 omnemque
445 1247 485 1314 ad
506 1245 664 1332 patranda
693 1245 822 1312 scelera
848 1245 1016 1311 licentiam
1047 1247 1136 1312 nacti
1158 1245 1253 1314 icano-
1333 1259 1334 1266 ’

133 1355 238 1424 solum
259 1356 415 1438 pietatem
439 1352 688 1432 existimabant,
710 1353 739 1416 si
762 1335 914 1416 caedibus
933 1351 1088 1416 adversus
1112 1365 1244 1420 nostros
1270 1344 1273 1355 ’

110 1462 309 1542 ,saevirent
353 1458 495 1524 Primum
517 1461 627 1542 itaque
649 1477 763 1524 senem
786 1455 962 1544 quendam,
986 1453 1159 1534 Metram
1181 1479 1242 1524 uo·
1333 1513 1334 1544 ι

67 1617 71 1628 .
125 1567 234 1644 ruine,
256 1573 440 1652 correptum
462 1565 562 1648 impia
584 1560 685 1626 verbs
707 1559 852 1644 prolerre
874 1557 1003 1644 jubent.
1050 1555 1146 1637 Quod
1168 1584 1242 1628 cum

132 1668 192 1736 ilie
226 1665 408 1746 abnueret,
444 1665 584 1732 fustibus
620 1665 786 1730 bominem
824 1657 1036 1730 verberantes
1070 1678 1103 1730 et
1137 1671 1241 1736 acutis

133 1771 344 1838 arundinibus
376 1770 500 1836 uultum
535 1772 607 1856 ejus
640 1768 817 1860 oculosque
849 1781 1031 1858 pungentes
1066 1770 1240 1838 deductum
1333 1769 1334 1814 l

129 1879 166 1944 iu
186 1873 372 1940 suburbium
393 1873 558 1960 lapidibus
570 1873 756 1940 obruemut.
801 1869 962 1938 Postbaec
977 1871 1111 1938 fidelem
1127 1897 1240 1960 quam-

130 1977 411 2060 dem'muliereur,
436 1977 621 2055 Quintam
644 1979 797 2058 nornine,
819 1977 861 2042 sd
883 1963 964 2043 idoli
986 1977 1144 2062 templum
1159 2003 1239 2066 par·

133 2087 261 2152 ductatu
286 2071 422 2148 adcrdre
444 2084 527 2150 illud
549 2089 737 2170 ooe'gemnt.
782 2067 878 2182 Quod
908 2104 980 2146 cum
1014 2081 1081 2148 ilia·
1105 2107 1238 2161 aversa·

131 2203 221 2258 retur
257 2187 354 2274 'utque
391 2200 639 2268 exsecraretur,
679 2189 869 2254 constrictis
897 2179 1032 2280 pedibus
1071 2211 1145 2254 earu
1183 2213 1239 2276 per

131 2299 231 2364 totius
264 2295 405 2359 civitatis
438 2296 527 2360 vicos
560 2315 675 2378 aspero
709 2289 801 2358 silice
835 2304 1017 2357 constratos
1049 2297 1238 2378 rapientes,

131 2401 225 2468 saxis
257 2397 380 2463 illisam
411 2395 612 2477 molaribus,
646 2398 757 2484 flagris
789 2399 921 2480 insuper
955 2395 1171 2466 verberantes
1200 2403 1239 2469 ad

131 2503 318 2571 suburbium
341 2499 452 2565 itidem
482 2501 663 2580 abducunt,
693 2501 803 2585 ibique
832 2501 996 2586 lapidibus
1026 2502 1235 2572 interficiunt.

133 2605 257 2676 Omnes
291 2603 410 2670 deinde
439 2623 505 2670 uno
538 2607 660 2690 impetu
693 2610 727 2671 iu
759 2605 872 2672 domos
897 2605 1158 2674 Christianorum
1191 2612 1233 2675 ir·

130 2733 226 2778 ruere
249 2687 444 2804 coeperunt,¹
473 2721 507 2774 et
529 2734 608 2794 quos
631 2713 765 2798 quisque
788 2700 839 2776 ibi
858 2713 983 2776 vicinos
1005 2725 1156 2794 noverst,
1181 2735 1236 2780 eos

51 2881 52 2886 ,
130 2817 220 2886 illico
243 2827 455 2902 properantes
478 2813 637 2903 agebant,
672 2815 858 2900 spoliabant
885 2837 924 2881 ao
952 2811 1167 2902 diripiebuut;
1197 2841 1236 2884 ea

132 2923 280 3010 quidem,
312 2943 396 3008 quae
426 2923 572 2986 maxime
601 2925 744 3008 pretiosa
775 2934 904 3003 essent,
938 2925 972 2987 in
1001 2907 1236 2990 sinumsuusu

131 3039 360 3116 congerentem
388 3025 506 3092 viliora
529 3039 694 3100 autemet
715 3025 828 3114 lignea
850 3015 997 3111 quaeque
1014 3027 1235 3114 dejiciebant,
1333 3081 1334 3090 ,

132 3155 169 3198 sc
191 3153 249 3216 pqr
270 3133 341 3198 vias
363 3131 632 3212 concremabant,
663 3129 777 3216 captae
807 3131 849 3198 ab
878 3131 1026 3200 hostibus
1047 3133 1138 3198 urbis
1160 3155 1234 3219 spe·

131 3239 213 3304 aiem
239 3237 436 3304 exhibentes
458 3251 554 3322 atque
576 3237 833 3323 imaginem‘ss)
1040 3234 1046 3251 '

218 3413 248 3498 b·
271 3419 376 3490 5⁰00
420 3414 579 3494 „Fratres
600 3435 679 3478 soro
701 3407 927 3494 declinabant,
956 3427 990 3480 et
1011 3413 1236 3509 subducebant

129 3543 166 3586 se
189 3519 284 3607 iuge,
318 3541 357 3584 sc
378 3519 593 3604 direptionem
615 3516 777 3582 bonorum
798 3539 928 3584 sucrum
950 3519 1085 3602 perinde
1108 3541 1147 3586 ao
1165 3516 1241 3601 vilis,

130 3625 171 3689 dc
194 3619 308 3708 quibus
331 3624 449 3690 Paulos
471 3621 590 3704 (Hebr.
609 3621 655 3690 X.
678 3623 735 3705 34)
758 3621 949 3690 testificatus
972 3639 1033 3706 cst,
1058 3648 1131 3692 oum
1152 3647 1232 3715 gau·

129 3729 182 3794 dio
217 3741 428 3815 exceperunt.
483 3725 553 3794 Noc
587 3737 699 3794 eorum
733 3733 923 3814 quisquam,
964 3729 1049 3830 quod
1082 3734 1232 3817 equidem

128 3836 248 3914 sciam,
278 3837 340 3899 nisi
363 3833 501 3899 sonasse
524 3855 607 3900 unus
637 3834 754 3919 aliquis
784 3837 818 3899 in
848 3834 978 3901 illorum
1007 3857 1121 3922 manus
1150 3840 1231 3902 inci·

129 3939 228 4019 dens,
263 3937 420 4004 hacteuus
443 3937 573 4024 quidem
596 3937 704 4024 lipom
727 3944 870 4030 negavit.
922 3942 989 4008 Sed
1012 3957 1047 4009 et
1068 3943 1231 4012 admiran-

173 4133 176 4146 Ι

134 4211 137 4218 ’
198 4211 571 4286 2)8.Biooyaiordiee.,
599 4221 668 4291 apud
696 4220 837 4279 Eusebi.
862 4225 880 4281 l.
905 4231 990 4281 ott.
1016 4221 1231 4296 ur.1.s.,=ad
1333 4255 1334 4266 ι

116 4301 198 4360 vland.
215 4319 243 4375 p.
260 4308 313 4358 ibb
329 4321 370 4374 sq.
972 4317 976 4326 '
1215 4317 1221 4328 “
