2704 4786
619 295 826 404 L

126 539 140 571 s
177 521 248 593 tera,
270 479 505 590 coatiaealiam,
527 508 635 574 maadi
649 506 770 594 firgca
790 507 1011 590 persuaderet,
1035 511 1261 598 praetermissa
1329 537 1330 540 ¹

177 619 255 686 fidet
277 618 505 684 fundamentis.
550 611 707 682 Narratur
733 635 828 697 porro
858 613 892 678 in
915 611 1005 678 hisee
1028 614 1261 691 nemrisdntir,
1329 687 1330 694 p

178 725 263 812 quod
291 723 325 788 S.
358 721 484 790 Thecla
506 718 641 786 Paulam
671 721 704 784 iu
734 721 879 802 opposita
907 718 1002 784 domo
1030 719 1262 803 praedicantem

179 829 361 896 eienestra
385 829 498 894 domus
521 847 599 891 suae
623 825 759 903 audiret,
782 823 910 890 tama
929 825 1146 906 potatus
1162 832 1262 888 elcut·

172 935 265 1022 plius
286 935 354 1000 tine
384 933 452 998 cido
473 939 623 1017 potaque,
655 930 737 994 adeo
767 941 803 994 nt
825 951 866 994 ne
887 932 1065 1012 respiceret
1087 930 1211 1013 quidem
1231 932 1262 994 in

169 1035 312 1106 ‘matrem
342 1039 543 1121 iniquissima
570 1039 695 1100 interea
724 1033 1031 1121 animnlngentem
1055 1034 1276 1118 lacrimasque

177 1145 374 1212 fundentem.
419 1142 524 1224 Atque
546 1139 628 1204 haec
650 1143 721 1223 ipsa
740 1141 844 1207 tuhter
866 1153 994 1206 tacente
1015 1139 1141 1218 Thecla
1164 1161 1265 1206 coram

173 1249 284 1336 judice
308 1246 512 1314 exclamasse
527 1247 657 1310 dicitur:
684 1241 843 1322 Candore,
866 1243 1010 1310 candace
1022 1267 1102 1326 ensa,
1126 1254 1265 1312 atme-

89 1379 126 1412 ··
178 1355 222 1419 tia
244 1350 283 1418 ad
305 1351 367 1416 illa
398 1349 517 1414 edoctis
544 1347 730 1414 mulieribus
752 1357 852 1414 uretur
873 1350 1078 1418 incutiatur.v
1112 1349 1267 1418 Dicuntur

71 1467 75 1480 '
176 1457 352 1544 posthaec
375 1453 599 1524 adolescentes
623 1467 656 1520 et
677 1457 818 1540 virgines
840 1455 963 1541 lignum
986 1469 1019 1523 et
1032 1478 1163 1542 gramen
1186 1457 1266 1538 (loe-

178 1563 289 1646 numi)
312 1561 471 1639 attulisse,
493 1543 529 1622 ut
544 1557 671 1624 Thecla
686 1553 937 1626 combureretur.
983 1547 1141 1630 Extincto
1150 1563 1268 1628 deinde

177 1673 254 1756 igne
276 1666 368 1732 salva
397 1687 454 1748 per
475 1663 588 1728 urbem
611 1660 760 1748 egressa,
790 1679 823 1730 et
846 1665 979 1733 l’aulntn
1008 1679 1118 1732 secuta
1139 1679 1190 1730 est
1209 1668 1268 1730 ati-

177 1793 279 1859 gram
309 1793 330 1834 o
354 1789 456 1854 puero
492 1769 590 1832 dacia
619 1766 822 1834 Arctioeltiam
849 1769 885 1832 ia
914 1767 1026 1850 Syria.
1079 1771 1270 1841 alexander

179 1887 298 1955 nutent,
321 1875 489 1958 primarias
513 1873 583 1956 ejus
600 1872 701 1952 urhis,
725 1895 796 1938 cam
812 1877 946 1956 primum
961 1876 1085 1940 videret
1101 1874 1270 1956 Theclam,

179 1983 301 2047 statim*
317 1999 426 2044 amore
454 1977 622 2056 incensus,
654 1998 789 2061 eamque
820 1981 852 2044 in
876 1979 985 2069 platea
1013 1980 1173 2046 mactatos
1190 1995 1270 2057 -est;

178 2091 249 2174 ipsa
271 2107 348 2150 vero
372 2085 512 2149 tunicam
536 2085 606 2167 ejas
629 2083 778 2162 concidit,
803 2097 837 2148 et
858 2105 1009 2150 eoronam
1033 2083 1191 2170 decapite
1208 2109 1271 2152 ex·

179 2194 286 2260 cussit.
313 2173 411 2256 'Inde
435 2189 475 2254 ad
497 2187 585 2252 urhis
607 2189 805 2271 praefectum
827 2203 918 2274 rapta
942 2205 975 2255 et
989 2191 1033 2254 ud
1050 2187 1272 2282 hestiae-daat-

76 2299 78 2304 ’
178 2305 259 2360 nata
296 2317 367 2360 esse
401 2293 598 2378 perhibetur.
657 2291 781 2359 Omnes
815 2291 923 2358 nutem
958 2297 1096 2360 emissae
1132 2294 1272 2376 hestiae,

179 2404 269 2486 quasi
291 2421 404 2465 sonmo
427 2399 579 2476 obrutae,
608 2399 766 2484 virginem
794 2397 879 2464 haud
902 2402 1086 2486 tetigerunt.
1131 2400 1274 2478 Domum

180 2505 302 2570 dnobus
323 2469 430 2568 lauria
452 2503 585 2590 alligata
609 2515 669 2581 est,
692 2515 726 2566 ut
749 2505 783 2568 in
805 2516 912 2586 partes
933 2505 1183 2580 distraheretur;
1212 2506 1276 2570 sed

179 2631 281 2692 acque
309 2609 427 2673 frustra
462 2632 499 2672 ac
530 2607 641 2671 hestiis
669 2606 774 2672 luerat
811 2613 970 2694 exposita.
1023 2612 1158 2678 Additur
1187 2632 1276 2694 aqua

179 2710 398 2796 complosis,
429 2715 462 2776 in
487 2733 585 2796 quam
611 2713 680 2793 ipsa
704 2707 831 2778 Thecla
852 2716 1059 2798 praeeipitem
1083 2737 1118 2780 se
1141 2715 1277 2781 dedisse

179 2820 350 2897 asseritur,
379 2815 589 2880 morientibus
618 2816 765 2881 omuibus
793 2816 917 2900 phocis.
962 2819 1017 2884 Ex
1039 2819 1090 2887 hir
1121 2819 1278 2886 omnihus

88 2918 92 2926 “
137 2953 145 2971 =
177 2923 316 2990 liberata
337 2919 437 3007 Virgo
462 2935 494 2984 et
515 2919 655 3006 flagrans
678 2917 772 2986 Pauli
795 2923 977 3002 desiderio,
1009 2947 1104 3008 quam
1127 2925 1281 2990 audisset

60 3015 66 3025 ⁸
179 3051 252 3095 eam
279 3031 312 3092 in
335 3025 470 3108 Lyaeum
492 3024 630 3104 abiisse,
660 3047 699 3089 en
722 3025 866 3109 prolecta
890 3041 939 3092 est
960 3028 1052 3094 sarili
1073 3029 1190 3094 indata
1214 3028 1282 3093 da¹¹

178 3132 257 3198 dita.
302 3131 380 3196 lade
411 3131 539 3194 domam
568 3151 699 3198 reversa
721 3152 872 3212 sponsum
895 3131 1098 3214 defunctam,
1132 3148 1283 3212 arratrem

176 3261 254 3304 vero
285 3239 390 3300 ciram
418 3235 554 3298 invenit.
600 3235 643 3301 Et
664 3234 778 3300 relicta
807 3237 922 3300 iterum
945 3245 1065 3318 matre,
1097 3261 1169 3312 cum
1199 3259 1284 3302 eam

177 3367 243 3410 non
270 3353 378 3425 posset
407 3339 448 3402 ad
476 3338 573 3404 iidem
604 3353 809 3418 convertere,
841 3337 1019 3404 Seleuciam
1039 3344 1211 3429 nrigravit,
1246 3357 1286 3408 et

177 3451 210 3514 in
234 3459 376 3510 montem
400 3446 538 3520 vicinum
561 3445 707 3522 secessit,
729 3443 784 3508 uhi
807 3443 925 3510 multos
947 3468 1050 3512 annos
1065 3451 1099 3510 in
1116 3446 1286 3532 spelunca

177 3554 273 3630 vixit,
296 3548 467 3634 discipulas
491 3549 531 3612 ad
555 3553 727 3614 asceticam
748 3550 848 3614 vitam
871 3551 1059 3629 instituens,
1090 3572 1286 3637 aegrosque

179 3669 211 3718 et
240 3675 474 3740 energumenos
504 3655 643 3738 undique
678 3652 796 3718 allatos
826 3675 957 3718 sanans.
1010 3653 1120 3732 Quare
1155 3656 1288 3720 medici

144 3827 150 3842 ,
178 3757 404 3852 Seleucienses
435 3761 580 3824 succensi
607 3759 826 3832 ¹submiserant
856 3757 1003 3824 homines
1025 3761 1189 3845 impuros,
1224 3764 1289 3846 qui

177 3847 293 3952 virgini
315 3867 380 3927 vim
402 3863 577 3941 inferrent,
609 3885 743 3946 eamque
766 3865 929 3928 vitiarent.
976 3863 1037 3928 llla
1059 3885 1137 3930 vero
1160 3887 1200 3928 re
1227 3869 1287 3932 in-

176 3967 309 4034 tellecta
327 3967 367 4030 ad
383 3965 489 4031 Deum
513 3969 631 4043 oravit;
655 3989 797 4052 rnoxque
820 3979 911 4050 petra
933 3989 969 4032 se
986 3973 1124 4052 apenrit3
1149 3967 1291 4034 Sancta

178 4087 285 4140 nortem
316 4071 467 4136 divinitus
489 4075 619 4136 monita
648 4085 771 4156 petram
800 4075 962 4166 ingressa,
993 4085 1025 4136 et
1053 4073 1187 4156 impuris
1215 4078 1289 4139 irn-

176 4182 301 4262 piornrn
333 4175 490 4270 manibus·
508 4171 597 4242 illico
627 4177 765 4244 liberata
795 4193 863 4258 est,
893 4201 966 4242 cum
995 4192 1087 4260 petra
1117 4182 1290 4244 continuo

175 4295 247 4368 post
275 4283 345 4364 ejus
367 4283 548 4367 ingressum
577 4303 685 4348 rursus
714 4285 827 4346 coiret.
851 4315 913 4374 -χ
936 4281 1047 4360 Haec,
1078 4281 1290 4377 qualiacun-
