2614 4790
691 237 772 355 see*
871 367 878 388 „
980 255 988 280 '

182 521 258 592 pern
281 509 315 588 in
339 483 505 570 Graecani
528 523 599 580 nos,
627 503 746 586 inquit,
776 523 839 566 non
861 500 1050 580 deliramus,
1079 504 1148 568 dass
1167 503 1254 568 Deos

185 611 240 676 nob
262 608 393 674 hortinis
408 606 525 691 serata
541 613 650 670 notans
666 605 921 690 praedicamus3'
945 614 981 669 at
1002 615 1126 688 cestrae
1145 609 1183 672 de
1201 609 1256 671 diis

188 713 303 778 ueste-is
326 712 486 796 opiniones
507 731 580 776 rere
601 731 707 796 angae
728 714 801 773 sant
823 719 919 796 atqne
941 717 1117 774 massueto.
1159 707 1195 775 Si
1209 731 1256 796 ge-

185 817 381 904 nerationem
403 818 533 881 deornm
554 813 746 893 memoratis,
761 815 874 878 ‘etiam'
886 811 1033 878 nortales
1054 833 1104 877 eos
1124 814 1256 879 declaro·
1285 815 1287 826 ⁴

184 921 239 986 iis.
289 905 362 984 Car·
386 919 467 989 ωὑκ
496 941 581 983 nane
609 917 694 984 hano
723 937 785 982 nan
809 915 1000 1005 praegnati
1047 917 1287 984 camoenae*

187 1045 232 1090 an
254 1026 358 1105 deest,
389 1024 444 1110 qai
465 1022 552 1087 cobis
573 1022 720 1088 nuncians
741 1019 872 1106 adfert?
901 1025 943 1104 (c.
966 1023 1046 1105 ab).
1091 1019 1179 1087 Tude
1197 1043 1257 1106 per·

99 1194 111 1222 r.
185 1131 317 1217 stringit
337 1129 460 1207 seinos,
484 1123 624 1200 athletas
646 1139 678 1191 et
699 1125 920 1212 gladiatores,
943 1125 1011 1191 ulie
1032 1125 1206 1210 spectacula
1224 1129 1257 1210 (e.

188 1243 241 1300 22.
266 1239 319 1300 23.
342 1233 429 1314 24.);
450 1229 653 1316 philosophos
674 1251 810 1313 quoqne,
834 1251 1008 1313 eorumque
1030 1229 1149 1294 cultum
1169 1229 1257 1294 etbe-

131 1359 138 1370 ’
185 1337 289 1404 bitum
312 1349 345 1400 et
361 1338 554 1421 jactantiam
578 1347 611 1400 et
632 1319 852 1400 dissensiones
875 1325 976 1400 aculis
995 1332 1126 1399 neribus
1142 1353 1257 1416 snspen-
1286 1367 1287 1378 ¹

185 1444 248 1516 dit3
277 1441 361 1504 sidet
388 1441 502 1504 inanes
528 1440 721 1504 Graecorum
742 1438 937 1524 quaestiones
959 1451 992 1503 et
1013 1437 1149 1504 absurde
1169 1459 1257 1528 granu

185 1547 323 1610 motione
347 1557 380 1608 et
403 1547 521 1609 ntticsoe
543 1545 815 1626 pronuntiationis
828 1543 934 1607 studia
947 1544 990 1626 (e.
1006 1549 1061 1608 25.
1077 1548 1154 1622 26.)·
1188 1537 1257 1606 Fra·

176 1658 261 1713 ‘stra
283 1669 379 1726 soors,
402 1650 465 1726 nit,
489 1645 682 1712 Christianis
702 1645 900 1725 intentatas,
927 1653 964 1710 nt
985 1667 1073 1710 marn
1095 1645 1258 1733 religionen

185 1753 397 1828 mentiantur,
426 1765 482 1817 not
503 1773 605 1838 unges
628 1751 824 1818 Graecorum
851 1751 998 1836 probent.
1042 1751 1141 1818 Addit
1162 1749 1257 1816 'l'etin-

185 1879 264 1944 nnq,
288 1856 446 1942 quomodo
469 1857 511 1920 ed
533 1854 751 1922 Christianam
773 1857 871 1922 fidem
893 1877 1068 1924 conversus
1090 1857 1148 1935 sit,
1174 1875 1257 1938 seque

186 1960 310 2026 nullam
340 1959 477 2044 emplius
500 1961 650 2026 daemoni
674 1983 788 2026 ansam
803 1959 896 2042 ‚velle
917 1959 1103 2044 relinquere
1126 1961 1166 2043 (c.
1187 1965 1257 2024 ot·-

186 2069 264 2144 aa).
311 2063 373 2130 His
400 2064 497 2129 rebus
526 2067 679 2149 oppositis
709 2067 824 2130 nonsit
852 2064 1012 2132 Tetinnus
1041 2065 1083 2129 ad
1112 2083 1257 2146 compera-

60 2193 63 2198 ’
130 2203 133 2210 =
187 2172 309 2234 tionem
327 2167 549 2254 philosophiae
569 2169 705 2256 gentilis
728 2191 795 2234 cnm
818 2166 994 2233 christiana
1015 2167 1185 2253 religione,
1212 2165 1258 2229 do·

186 2295 263 2340 oens
285 2293 343 2357 per
365 2273 551 2356 exemplum
572 2271 676 2338 Masis
698 2287 731 2338 et
752 2267 892 2350 Homeri,
915 2271 1123 2336 christianam
1144 2270 1258 2334 theoso-

94 2465 97 2470 ,
185 2377 294 2462 pbiam
316 2375 414 2464 longe
437 2377 648 2462 antiquiorem
662 2401 734 2444 esse
750 2378 946 2443 Graecarum
968 2373 1259 2459 institutiones),

185 2493 219 2544 et
246 2482 418 2564 interjectu
446 2483 699 2565 vituperatione,
731 2481 815 2566 qnod
843 2477 990 2546 Gentiles
1017 2481 1178 2544 immerito
1197 2475 1258 2541 vir·

185 2587 278 2670 ginon
310 2597 343 2647 et
372 2583 583 2682 mulierculas
610 2587 710 2650 sacris
741 2587 927 2652 ministeriis
960 2585 1106 2650 addictas
1136 2585 1258 2658 rideant,

187 2709 259 2752 uum
280 2689 341 2770 ipsi
365 2689 445 2753 oden
468 2689 689 2755 meretricibus
711 2712 749 2754 ae
770 2691 922 2773 improbis
943 2689 1133 2779 ⁴hominibus
1154 2700 1259 2753 statues

186 2793 369 2875 posuerint,
393 2793 484 2875 cnjus
507 2795 557 2857 rei
579 2815 615 2858 se
638 2793 760 2858 Romae
782 2807 898 2860 testem
922 2792 1085 2868 oculatum
1106 2793 1200 2858 inisse
1219 2803 1258 2852 te·

185 2907 288 2975 stetur
311 2899 354 2978 (a.
377 2897 551 2977 32--36.),
573 2897 657 2960 redit
679 2897 720 2961 nd
741 2897 832 2962 illam
855 2899 1180 2987 argumentationem,
1209 2915 1259 2978 qua

129 2997 135 3012 '
187 3017 230 3062 ea
260 2995 447 3076 Chaldaeis,
478 2997 681 3078 Phoenicibus,
716 3001 887 3088 Aegyptiis
913 2999 1135 3086 Scriptus-ibas
1163 2995 1259 3063 Mosen

145 3129 149 3132 ·
185 3123 247 3166 non
269 3101 403 3165 Homero
425 3103 524 3167 solnm
546 3104 754 3190 antiquiorem
767 3103 885 3186 fnisse,
909 3105 967 3169 sed
986 3115 1017 3170 et
1040 3105 1124 3170 alios
1142 3103 1258 3169 Honora

187 3205 382 3292 antiquiores
404 3213 513 3270 aetate
535 3201 688 3290 saporare
710 3207 908 3276 demonstrat
929 3213 975 3294 (a.
1000 3210 1167 3292 36-42.).

592 3419 620 3461 c.
644 3396 871 3464 Editiones.

109 3609 112 3616 .
274 3516 303 3601 b·
335 3526 436 3593 16οι
487 3519 597 3584 Editio
621 3520 776 3605 prirneps
805 3520 900 3606 hujus
931 3519 1066 3621 Totieni
1096 3521 1259 3608 epotata

188 3624 338 3705 (unecmu
362 3619 538 3706 Theophili
557 3621 652 3692 libris
674 3625 714 3688 nd
736 3625 928 3709 Autolycum
951 3639 985 3690 et
1006 3627 1138 3692 Antonii
1158 3623 1260 3692 Melie·

187 3745 244 3789 sne
258 3723 461 3810 Maximiqne
475 3731 659 3811 sententiis)
682 3748 758 3792 cura
773 3727 905 3792 Joassrois
926 3725 1062 3794 Frisii
1084 3753 1166 3796 vars.
1183 3729 1259 3794 lectt.

185 3831 342 3894 instructa
363 3831 480 3912 prodiit
506 3831 625 3924 ligari·
643 3819 744 3920 1546„
760 3831 783 3896 f.
828 3833 952 3897 Eodem
974 3847 1118 3918 tempore
1139 3833 1261 3897 latinas

188 3932 333 4016 ejusdcm
371 3955 443 3998 cum
475 3935 612 4018 prolixis
652 3937 913 4003 annotationibus
946 3941 1128 4003 versionem
1167 3935 1261 4002 emisit

189 4035 281 4100 Cone.
316 4033 514 4102 Gennesar
547 4039 664 4127 Tiguri
693 4045 787 4106 1546.
817 4041 842 4105 f.
897 4039 1023 4106 Graece
1052 4043 1166 4108 deinde
1197 4057 1257 4102 eum

184 4136 391 4204 'Geraesiana
412 4141 679 4228 interpretatione
701 4144 851 4232 evulgata
874 4161 923 4214 eet
943 4152 1008 4215 ists
1028 4151 1130 4215 oratio
1145 4149 1178 4211 in
1195 4141 1257 4208 lle·

48 4245 51 4260 '
186 4241 298 4307 roldi
323 4242 634 4334 orthodoxographis
656 4247 759 4315 Besil.
785 4256 879 4319 1555.
902 4251 1042 4344 saitem
1064 4257 1147 4320 notis
1167 4244 1257 4318 Fron·
