2724 4796
661 333 750 403 ⁴77·

150 545 236 632 φοι
256 519 572 613 Catecbnmnnrunr
591 532 758 616 institutio
787 551 850 634 ipei
878 547 942 616 auli
964 551 1115 620 mandata
1136 553 1243 622 iuerat
1269 553 1275 566 “

150 675 184 719 a
199 651 393 727 Demetrio,
427 667 516 720 ιιιιιιι
545 658 772 739 grammaticae
804 656 882 721 artie
909 655 1141 738 professionem
1170 681 1242 727 rura

149 759 298 824 demae.
318 755 397 824 fidei
437 759 640 824 institutione
679 759 812 825 minime
852 766 1055 848 congruere,
1098 745 1243 832 achalam

150 862 384 948 manticae
405 860 602 928 literaturae
622 875 732 947 utpote
754 861 901 930 inutilem
925 879 957 930 et
979 869 1078 934 icaria
1101 867 1242 951 diaripli·

152 968 207 1035 ιιι·
242 969 438 1034 acumem
471 969 545 1038 riae
579 951 648 1033 blla
684 970 887 1034 cunctatione
924 971 1053 1056 ubjecit.
1112 971 1243 1038 Deinde

153 1071 300 1156 prudenti
315 1063 471 1156 vconcilio
493 1093 590 1152 urae,
621 1091 662 1136 nc
691 1069 799 1138 alieno
829 1071 972 1140 eabeidio
995 1097 1073 1160 apua
1096 1073 1242 1158 baberet,

152 1175 290 1242 venditio
311 1178 436 1258 adauae
458 1175 623 1241 doctrinae
643 1173 878 1258 voluminibaa‚
901 1199 982 1263 quae
1003 1201 1104 1263 penca
1126 1201 1162 1245 ae
1184 1178 1243 1247 ba·

153 1278 253 1346 bcbat
274 1278 515 1370 elegantiaaime
538 1278 703 1358 elaborta,
734 1295 904 1348 contentae
925 1281 985 1351 suit
1006 1298 1141 1367 quatuor
1163 1281 1243 1352 abo·
1280 1277 1296 1368 '‚

150 1385 214 1464 lia,
244 1387 297 1470 qui
327 1372 368 1450 ab¹
392 1374 515 1448 e'mrora
537 1383 735 1450 voluminum
757 1386 818 1468 ipai
849 1387 883 1451 in
906 1385 976 1454 dier
998 1386 1143 1474 cingulo·
1164 1410 1243 1473 pen·

153 1489 322 1555 debentur.
382 1487 577 1573 Hujeamodi
613 1487 782 1571 disciplina
819 1503 851 1553 et
887 1488 984 1576 plane
1022 1491 1244 1577 philoaopbica

153 1597 281 1682 ratione
302 1589 432 1658 uiuendi
461 1591 605 1676 pluribue
634 1591 786 1678 deinocpa
815 1596 909 1660 annia
939 1598 985 1660 ati
1014 1603 1245 1680 perreveravit,

152 1718 268 1764 omne·
286 1695 481 1782 juvenilium
510 1695 713 1780 cupiditatum
744 1695 917 1764 illecebrae
946 1699 1084 1786 undique
1115 1702 1244 1768 anbmo·

152 1799 246 1868 vena.
290 1803 338 1868 Aa
359 1802 507 1866 diuturno
528 1801 655 1884 ‘quidem
679 1814 823 1892 tempore
844 1803 1052 1887 gavieaimoa
1075 1807 1246 1890 cujusque·

153 1905 243 1972 nrodi
265 1908 536 1972 exercitationum
559 1901 684 1968 laborer
706 1901 883 1980 tolerabam
913 1910 1114 1990 nontiavero
1138 1911 1245 1976 araxi·

152 2029 240 2078 taam
262 2025 386 2096 partem
409 2009 587 2075 divinarum
616 2005 861 2094 Scriptwomm
883 2011 998 2075 alodiis
1027 1991 1263 2094 impendebat(

154 2117 382 2182 accerimimac
405 2114 509 2200 quoad
530 2126 656 2197 poterat
680 2112 905 2200 pbiloaopbiee
927 2112 1054 2201 legibue
1076 2118 1246 2200 inatitntia·

45 2217 50 2224 ’
155 2241 218 2304 que
240 2223 477 2308 aemetipeum
468 2219 632 2284 coercent.
686 2215 811 2323 Quippe
841 2219 980 2284 interdiu
1010 2219 1136 2304 quidem
1155 2220 1246 2305 jeju·

154 2325 282 2390 uiarum
306 2321 596 2390 exercitationibus
617 2299 805 2399 insudabat,
828 2339 923 2388 nocta
947 2343 1023 2387 vcro
1046 2325 1150 2390 comni
1173 2345 1246 2408 apa

154 2429 249 2496 tiam.
258 2427 501 2506 dimotionem,
536 2447 672 2510 eumque
694 2447 759 2492 non
773 2427 815 2491 in
838 2440 938 2493 atrato
960 2427 1017 2494 ead
1047 2447 1144 2511 cuper
1163 2425 1248 2494 mdc

155 2531 221 2598 cola
243 2553 358 2618 capere
379 2530 559 2618 retegebat.
604 2529 752 2598 Maxime
775 2551 853 2596 vcro
876 2529 1066 2618 evangeliea
1088 2531 1147 2599 illa
1170 2531 1247 2598 Ser·

154 2641 276 2706 catorio
299 2639 400 2706 nortui
429 2651 599 2723 praccepta
629 2633 831 2702 obacrvanda
854 2656 926 2702 carc
948 2637 1103 2717 ducebat,
1134 2635 1249 2722 quibua
1350 2681 1357 2700 .

156 2764 343 2823 monemur,
371 2743 504 2812 tum'nc
527 2741 606 2808 dnae
634 2741 758 2806 tunicae
781 2737 976 2820 habeamur,
1007 2761 1089 2808 neve
1119 2739 1247 2808 calcea·

156 2847 277 2914 mentia
297 2860 443 2926 utamur,
466 2858 533 2912 tam
556 2867 598 2911 ne
628 2843 669 2908 dc
698 2845 839 2910 craatino
862 2847 994 2912 nimium
1016 2843 1149 2914 antiteta
1172 2865 1248 2913 nor·

158 2953 312 3036 metipaoa
334 2953 568 3018 excruciemur.
623 2947 689 3014 Sed
720 2941 910 3034 atrociore,
933 2970 1026 3036 qaam
1050 2965 1141 3016 actae
1163 2948 1249 3015 iera·

156 3052 225 3136 bat,
247 3057 346 3122 animi
377 3056 492 3120 ardore
514 3037 705 3140 instigare
726 3074 765 3118 aa
785 3052 936 3118 cruditate
956 3069 1122 3138 permane,
1152 3067 1185 3119 ct
1208 3051 1250 3122 ad

158 3180 315 3229 nummum
338 3157 549 3246 evangelicoe
567 3155 776 3240 paupertatir
808 3153 935 3222 culmen
959 3171 1089 3224 erectae
1110 3153 1251 3224 familia·

157 3285 212 3329 rea
234 3285 310 3330 eaor
338 3261 703 3350 ingenti'admirationo
732 3259 884 3345 perculi13
914 3283 952 3327 ac
982 3259 1100 3327 multoe
1121 3260 1252 3347 quidem

160 3388 205 3434 ex
227 3369 306 3452 ipaia
327 3364 510 3434 incredibili
532 3363 644 3432 dolore
667 3363 793 3446 affecit,
823 3367 875 3450 qni
898 3364 983 3431 bona
1005 3387 1069 3432 aaa
1086 3387 1158 3432 cam
1180 3367 1250 3450 ipro

159 3457 272 3556 partiri
294 3471 465 3556 optabant,
496 3491 566 3536 cour
596 3467 687 3536 illum
718 3457 847 3536 divinae
876 3463 1124 3555 praedicationis
1146 3471 1252 3559 gratia

159 3579 267 3644 tentor
287 3575 418 3643 laborer
440 3579 652 3643 emtioentem
683 3573 842 3640 viderent.
886 3571 1116 3641 Verumtamen
1140 3575 1180 3640 de
1203 3577 1251 3642 vi·

158 3701 238 3770 gere
261 3679 455 3748 tolerantiae
484 3677 567 3746 nihil
595 3699 735 3764 unquam
765 3679 899 3744 remitit.
948 3675 1104 3744 Moltoe'
1094 3693 1171 3744 rtem
1193 3697 1254 3763 per

117 3805 121 3812 ’
159 3805 263 3851 aanor
284 3785 378 3850 obdia
398 3783 544 3872 corrigite
566 3781 750 3850 ambulacra
773 3783 899 3862 dicitnr,
922 3780 1011 3847 nullo
1035 3783 1162 3866 penitae
1185 3781 1252 3849 cal·

160 3903 328 3955 caemento
350 3911 436 3956 neue.
480 3883 568 3956 Vino
591 3909 715 3973 qnoque
739 3899 771 3951 et
793 3885 869 3954 aliia
891 3887 998 3966 reb'ae,
1021 3907 1102 3970 qaae
1122 3887 1162 3952 ad
1187 3889 1252 3953 via·

159 4001 229 4060 tum
257 3995 363 4060 minna
392 3995 597 4058 neeemuriae
626 4003 719 4072 anat,
750 3989 927 4057 diutimime
956 3989 1129 4070 abstinuit,
1152 4013 1252 4076 uacua

161 4091 242 4163 'adeo
265 4111 301 4163 ut
328 4111 437 4183 pectaa
466 4097 567 4182 ipaiua
596 4099 631 4165 in
658 4097 882 4188 g'mviaeimum
911 4097 1131 4164 eubvarei'onit
1153 4095 1252 4164 lebia-

162 4224 224 4288 qae
253 4201 424 4270 diacrirnaa
452 4203 620 4270 incideret.
677 4199 873 4286 Hrcjuatuodi
903 4223 980 4289 ergo
1009 4199 1252 4288 philoeopbicae

160 4306 249 4374 vitae
280 4305 432 4394 exempla
464 4307 615 4378 omniboa
645 4307 819 4396 coemenda
850 4304 1176 4405 pracbenahplorce
1208 4325 1254 4376 ex

19 4413 24 4420 ’
191 4421 566 4484 mmll·
1003 4415 1044 4478 31
