<?xml version="1.0" encoding="UTF-8"?>
<!DOCTYPE html PUBLIC "-//W3C//DTD XHTML 1.0 Transitional//EN"
    "http://www.w3.org/TR/xhtml1/DTD/xhtml1-transitional.dtd">
<html xmlns="http://www.w3.org/1999/xhtml" xml:lang="en" lang="en">
 <head>
  <title>
</title>
<meta http-equiv="Content-Type" content="text/html;charset=utf-8" />
  <meta name='ocr-system' content='tesseract 3.04.00' />
  <meta name='ocr-capabilities' content='ocr_page ocr_carea ocr_par ocr_line ocrx_word'/>
</head>
<body>
  <div class='ocr_page' id='page_1' title='image "./bibliothecapatr00permgoog_0321.png"; bbox 0 0 2654 4784; ppageno 0'>
   <div class='ocr_carea' id='block_1_1' title="bbox 591 283 666 378">
    <p class='ocr_par' dir='ltr' id='par_1_1' title="bbox 591 283 666 378">
     <span class='ocr_line' id='line_1_1' title="bbox 591 283 666 378; baseline 0.013 -1"><span class='ocrx_word' id='word_1_1' title='bbox 591 283 666 378; x_wconf 74' lang='lat'><strong>{315</strong></span> 
     </span>
    </p>
   </div>
   <div class='ocr_carea' id='block_1_2' title="bbox 525 402 736 424">
    <p class='ocr_par' dir='ltr' id='par_1_2' title="bbox 525 402 736 424">
     <span class='ocr_line' id='line_1_2' title="bbox 525 402 736 424; baseline 0 -4"><span class='ocrx_word' id='word_1_2' title='bbox 525 402 736 424; x_wconf 48' lang='grc' dir='ltr'>’.ι-ί*</span> 
     </span>
    </p>
   </div>
   <div class='ocr_carea' id='block_1_3' title="bbox 19 521 1181 1024">
    <p class='ocr_par' dir='ltr' id='par_1_3' title="bbox 19 521 1181 1024">
     <span class='ocr_line' id='line_1_3' title="bbox 76 521 1181 619; baseline -0.004 -27"><span class='ocrx_word' id='word_1_3' title='bbox 76 523 198 592; x_wconf 86' lang='lat' dir='ltr'><strong>tutibus</strong></span> <span class='ocrx_word' id='word_1_4' title='bbox 211 521 336 590; x_wconf 86' lang='lat' dir='ltr'><strong>habere</strong></span> <span class='ocrx_word' id='word_1_5' title='bbox 349 524 545 590; x_wconf 77' lang='lat' dir='ltr'><strong>consortium</strong></span> <span class='ocrx_word' id='word_1_6' title='bbox 562 528 750 619; x_wconf 84' lang='lat' dir='ltr'><strong>meritorum</strong></span> <span class='ocrx_word' id='word_1_7' title='bbox 762 523 975 590; x_wconf 76' lang='lat' dir='ltr'><strong>admiratione</strong></span> <span class='ocrx_word' id='word_1_8' title='bbox 982 521 1181 608; x_wconf 75' lang='lat' dir='ltr'><strong>judicarent.</strong></span> 
     </span>
     <span class='ocr_line' id='line_1_4' title="bbox 76 627 1181 722; baseline -0.002 -26"><span class='ocrx_word' id='word_1_9' title='bbox 76 633 109 696; x_wconf 86' lang='lat' dir='ltr'><strong>is</strong></span> <span class='ocrx_word' id='word_1_10' title='bbox 130 651 206 697; x_wconf 83' lang='lat' dir='ltr'><strong>eum</strong></span> <span class='ocrx_word' id='word_1_11' title='bbox 227 641 368 696; x_wconf 87' lang='lat' dir='ltr'><strong>statuam</strong></span> <span class='ocrx_word' id='word_1_12' title='bbox 381 627 633 713; x_wconf 81' lang='lat' dir='ltr'><strong>Berecynthiaa,</strong></span> <span class='ocrx_word' id='word_1_13' title='bbox 657 652 754 716; x_wconf 86' lang='lat' dir='ltr'><strong>qnam</strong></span> <span class='ocrx_word' id='word_1_14' title='bbox 775 644 928 714; x_wconf 86' lang='lat' dir='ltr'><strong>tanquam</strong></span> <span class='ocrx_word' id='word_1_15' title='bbox 948 641 1087 695; x_wconf 86' lang='lat' dir='ltr'><strong>matrem</strong></span> <span class='ocrx_word' id='word_1_16' title='bbox 1100 629 1181 722; x_wconf 83' lang='lat' dir='ltr'><strong>deo·</strong></span> 
     </span>
     <span class='ocr_line' id='line_1_5' title="bbox 19 734 1180 824; baseline -0.002 -22"><span class='ocrx_word' id='word_1_17' title='bbox 19 801 26 816; x_wconf 81' lang='lat'>‚</span> <span class='ocrx_word' id='word_1_18' title='bbox 77 758 148 802; x_wconf 83' lang='lat' dir='ltr'><strong>rura</strong></span> <span class='ocrx_word' id='word_1_19' title='bbox 170 735 249 801; x_wconf 91' lang='lat' dir='ltr'><strong>urbs</strong></span> <span class='ocrx_word' id='word_1_20' title='bbox 276 734 338 800; x_wconf 87' lang='lat' dir='ltr'><strong>illa</strong></span> <span class='ocrx_word' id='word_1_21' title='bbox 358 736 818 819; x_wconf 84' lang='lat' dir='ltr'><strong>summopere.venernbatpr,</strong></span> <span class='ocrx_word' id='word_1_22' title='bbox 842 735 986 824; x_wconf 26' lang='lat' dir='ltr'><strong>,adorare</strong></span> <span class='ocrx_word' id='word_1_23' title='bbox 1008 734 1180 816; x_wconf 85' lang='lat' dir='ltr'><strong>noluisset,</strong></span> 
     </span>
     <span class='ocr_line' id='line_1_6' title="bbox 78 837 1181 926; baseline -0.002 -20"><span class='ocrx_word' id='word_1_24' title='bbox 78 840 228 926; x_wconf 82' lang='lat' dir='ltr'><strong>publicae</strong></span> <span class='ocrx_word' id='word_1_25' title='bbox 251 841 421 906; x_wconf 74' lang='lat' dir='ltr'><strong>seditionis</strong></span> <span class='ocrx_word' id='word_1_26' title='bbox 443 839 579 906; x_wconf 86' lang='lat' dir='ltr'><strong>obtentu</strong></span> <span class='ocrx_word' id='word_1_27' title='bbox 602 841 866 925; x_wconf 79' lang='lat' dir='ltr'><strong>comprehensus,</strong></span> <span class='ocrx_word' id='word_1_28' title='bbox 890 853 923 905; x_wconf 85' lang='lat' dir='ltr'><strong>et</strong></span> <span class='ocrx_word' id='word_1_29' title='bbox 938 837 1181 906; x_wconf 79' lang='lat' dir='ltr'><strong>adHeroeIt&#39;ttst</strong></span> 
     </span>
     <span class='ocr_line' id='line_1_7' title="bbox 76 941 1180 1024; baseline 0 -14"><span class='ocrx_word' id='word_1_30' title='bbox 76 944 288 1013; x_wconf 69' lang='lat' dir='ltr'><strong>consularem</strong></span> <span class='ocrx_word' id='word_1_31' title='bbox 316 941 471 1012; x_wconf 87' lang='lat' dir='ltr'><strong>dednotns</strong></span> <span class='ocrx_word' id='word_1_32' title='bbox 500 958 560 1011; x_wconf 86' lang='lat' dir='ltr'><strong>est.</strong></span> <span class='ocrx_word' id='word_1_33' title='bbox 605 945 671 1024; x_wconf 83' lang='lat' dir='ltr'><strong>Qui</strong></span> <span class='ocrx_word' id='word_1_34' title='bbox 699 968 770 1013; x_wconf 91' lang='lat' dir='ltr'><strong>enm</strong></span> <span class='ocrx_word' id='word_1_35' title='bbox 797 949 896 1012; x_wconf 70' lang='lat' dir='ltr'><strong>ruiis</strong></span> <span class='ocrx_word' id='word_1_36' title='bbox 918 947 1023 1012; x_wconf 91' lang='lat' dir='ltr'><strong>modis</strong></span> <span class='ocrx_word' id='word_1_37' title='bbox 1044 945 1088 1010; x_wconf 90' lang='lat' dir='ltr'><strong>ad</strong></span> <span class='ocrx_word' id='word_1_38' title='bbox 1109 944 1180 1011; x_wconf 92' lang='lat' dir='ltr'><strong>ido·</strong></span> 
     </span>
    </p>
   </div>
   <div class='ocr_carea' id='block_1_4' title="bbox 77 1040 1301 1146">
    <p class='ocr_par' dir='ltr' id='par_1_4' title="bbox 77 1040 1301 1146">
     <span class='ocr_line' id='line_1_8' title="bbox 77 1040 1301 1146; baseline 0.003 -30"><span class='ocrx_word' id='word_1_39' title='bbox 77 1051 182 1118; x_wconf 85' lang='lat' dir='ltr'><strong>iorum</strong></span> <span class='ocrx_word' id='word_1_40' title='bbox 201 1051 326 1118; x_wconf 74' lang='lat' dir='ltr'><strong>maltum</strong></span> <span class='ocrx_word' id='word_1_41' title='bbox 345 1053 501 1136; x_wconf 85' lang='lat' dir='ltr'><strong>juvenem</strong></span> <span class='ocrx_word' id='word_1_42' title='bbox 525 1053 715 1131; x_wconf 76' lang='lat' dir='ltr'><strong>excitasset,</strong></span> <span class='ocrx_word' id='word_1_43' title='bbox 737 1051 797 1116; x_wconf 87' lang='lat' dir='ltr'><strong>sed</strong></span> <span class='ocrx_word' id='word_1_44' title='bbox 819 1073 925 1135; x_wconf 90' lang='lat' dir='ltr'><strong>neque</strong></span> <span class='ocrx_word' id='word_1_45' title='bbox 940 1049 1106 1117; x_wconf 85' lang='lat' dir='ltr'><strong>blanditiis</strong></span> <span class='ocrx_word' id='word_1_46' title='bbox 1121 1071 1181 1116; x_wconf 88' lang='lat' dir='ltr'><strong>ne·</strong></span> <span class='ocrx_word' id='word_1_47' title='bbox 1216 1143 1218 1146; x_wconf 9' lang='grc' dir='ltr'><em>Α</em></span> <span class='ocrx_word' id='word_1_48' title='bbox 1290 1040 1301 1052; x_wconf 54' lang='grc'><em>“</em></span> 
     </span>
    </p>
   </div>
   <div class='ocr_carea' id='block_1_5' title="bbox 67 1155 1213 1884">
    <p class='ocr_par' dir='ltr' id='par_1_5' title="bbox 67 1155 1213 1884">
     <span class='ocr_line' id='line_1_9' title="bbox 81 1155 1181 1241; baseline 0 -19"><span class='ocrx_word' id='word_1_49' title='bbox 81 1179 142 1241; x_wconf 87' lang='lat' dir='ltr'><strong>qne</strong></span> <span class='ocrx_word' id='word_1_50' title='bbox 171 1158 269 1226; x_wconf 88' lang='lat' dir='ltr'><strong>minis</strong></span> <span class='ocrx_word' id='word_1_51' title='bbox 292 1177 313 1220; x_wconf 83' lang='lat' dir='ltr'><strong>a</strong></span> <span class='ocrx_word' id='word_1_52' title='bbox 333 1157 537 1240; x_wconf 77' lang='lat' dir='ltr'><strong>professione</strong></span> <span class='ocrx_word' id='word_1_53' title='bbox 566 1155 644 1222; x_wconf 88' lang='lat' dir='ltr'><strong>fidei</strong></span> <span class='ocrx_word' id='word_1_54' title='bbox 672 1155 870 1221; x_wconf 84' lang='lat' dir='ltr'><strong>christianae</strong></span> <span class='ocrx_word' id='word_1_55' title='bbox 897 1177 1036 1222; x_wconf 82' lang='lat' dir='ltr'><strong>avocare</strong></span> <span class='ocrx_word' id='word_1_56' title='bbox 1057 1157 1181 1240; x_wconf 89' lang='lat' dir='ltr'><strong>potuis·</strong></span> 
     </span>
     <span class='ocr_line' id='line_1_10' title="bbox 67 1259 1213 1354; baseline -0.002 -26"><span class='ocrx_word' id='word_1_57' title='bbox 67 1277 142 1354; x_wconf 83' lang='lat' dir='ltr'><strong>set,</strong></span> <span class='ocrx_word' id='word_1_58' title='bbox 163 1277 327 1347; x_wconf 85' lang='lat' dir='ltr'><strong>postremo</strong></span> <span class='ocrx_word' id='word_1_59' title='bbox 350 1264 452 1327; x_wconf 88' lang='lat' dir='ltr'><strong>iratus</strong></span> <span class='ocrx_word' id='word_1_60' title='bbox 474 1261 525 1327; x_wconf 87' lang='lat' dir='ltr'><strong>his</strong></span> <span class='ocrx_word' id='word_1_61' title='bbox 547 1261 655 1326; x_wconf 86' lang='lat' dir='ltr'><strong>verbis</strong></span> <span class='ocrx_word' id='word_1_62' title='bbox 677 1259 838 1326; x_wconf 85' lang='lat' dir='ltr'><strong>allocutus</strong></span> <span class='ocrx_word' id='word_1_63' title='bbox 861 1275 1015 1326; x_wconf 83' lang='lat' dir='ltr'><strong>osteum:</strong></span> <span class='ocrx_word' id='word_1_64' title='bbox 1038 1259 1181 1327; x_wconf 84' lang='lat' dir='ltr'><strong>Nimium</strong></span> <span class='ocrx_word' id='word_1_65' title='bbox 1211 1281 1213 1288; x_wconf 78' lang='grc'><em>’</em></span> 
     </span>
     <span class='ocr_line' id='line_1_11' title="bbox 79 1363 1182 1453; baseline -0.002 -20"><span class='ocrx_word' id='word_1_66' title='bbox 79 1369 136 1434; x_wconf 90' lang='lat' dir='ltr'><strong>din</strong></span> <span class='ocrx_word' id='word_1_67' title='bbox 159 1383 205 1448; x_wconf 88' lang='lat' dir='ltr'><strong>te,</strong></span> <span class='ocrx_word' id='word_1_68' title='bbox 229 1364 483 1452; x_wconf 84' lang='lat' dir='ltr'><strong>Symphoriane‚</strong></span> <span class='ocrx_word' id='word_1_69' title='bbox 510 1369 668 1453; x_wconf 85' lang='lat' dir='ltr'><strong>patientia</strong></span> <span class='ocrx_word' id='word_1_70' title='bbox 689 1385 763 1430; x_wconf 89' lang='lat' dir='ltr'><strong>mea</strong></span> <span class='ocrx_word' id='word_1_71' title='bbox 785 1368 948 1432; x_wconf 89' lang='lat' dir='ltr'><strong>sustinuit.</strong></span> <span class='ocrx_word' id='word_1_72' title='bbox 992 1363 1065 1433; x_wconf 88' lang='lat' dir='ltr'><strong>Nisi</strong></span> <span class='ocrx_word' id='word_1_73' title='bbox 1085 1363 1182 1432; x_wconf 79' lang='lat' dir='ltr'><strong>matri</strong></span> 
     </span>
     <span class='ocr_line' id='line_1_12' title="bbox 78 1470 1182 1570; baseline -0.003 -30"><span class='ocrx_word' id='word_1_74' title='bbox 78 1473 176 1540; x_wconf 87' lang='lat' dir='ltr'><strong>Deae</strong></span> <span class='ocrx_word' id='word_1_75' title='bbox 205 1470 457 1554; x_wconf 79' lang='lat' dir='ltr'><strong>sacrificaveris,</strong></span> <span class='ocrx_word' id='word_1_76' title='bbox 488 1473 587 1538; x_wconf 91' lang='lat' dir='ltr'><strong>hodie</strong></span> <span class='ocrx_word' id='word_1_77' title='bbox 610 1485 643 1538; x_wconf 88' lang='lat' dir='ltr'><strong>te</strong></span> <span class='ocrx_word' id='word_1_78' title='bbox 671 1471 861 1538; x_wconf 88' lang='lat' dir='ltr'><strong>dilaniatum</strong></span> <span class='ocrx_word' id='word_1_79' title='bbox 891 1471 1040 1538; x_wconf 86' lang='lat' dir='ltr'><strong>omnibus</strong></span> <span class='ocrx_word' id='word_1_80' title='bbox 1064 1473 1182 1570; x_wconf 76' lang='lat' dir='ltr'><strong>poenis</strong></span> 
     </span>
     <span class='ocr_line' id='line_1_13' title="bbox 79 1573 1181 1662; baseline 0.001 -21"><span class='ocrx_word' id='word_1_81' title='bbox 79 1577 231 1662; x_wconf 82' lang='lat' dir='ltr'><strong>capitalis</strong></span> <span class='ocrx_word' id='word_1_82' title='bbox 252 1579 436 1644; x_wconf 85' lang='lat' dir='ltr'><strong>sententiae</strong></span> <span class='ocrx_word' id='word_1_83' title='bbox 458 1577 667 1644; x_wconf 78' lang='lat' dir='ltr'><strong>damnatione</strong></span> <span class='ocrx_word' id='word_1_84' title='bbox 685 1590 898 1662; x_wconf 83' lang='lat' dir='ltr'><strong>prosternam.</strong></span> <span class='ocrx_word' id='word_1_85' title='bbox 944 1573 1007 1642; x_wconf 79' lang='lat' dir='ltr'><strong>cat</strong></span> <span class='ocrx_word' id='word_1_86' title='bbox 1020 1576 1181 1661; x_wconf 76' lang='lat' dir='ltr'><strong>Sympho-</strong></span> 
     </span>
     <span class='ocr_line' id='line_1_14' title="bbox 79 1667 1181 1770; baseline 0.002 -24"><span class='ocrx_word' id='word_1_87' title='bbox 79 1685 211 1748; x_wconf 86' lang='lat' dir='ltr'><strong>risnnr:</strong></span> <span class='ocrx_word' id='word_1_88' title='bbox 233 1677 319 1768; x_wconf 77' lang='lat' dir='ltr'><strong>Ego,</strong></span> <span class='ocrx_word' id='word_1_89' title='bbox 337 1671 456 1769; x_wconf 83' lang='lat' dir='ltr'><strong>inquit,</strong></span> <span class='ocrx_word' id='word_1_90' title='bbox 478 1667 720 1769; x_wconf 69' lang='lat' dir='ltr'><strong>ommipotentem</strong></span> <span class='ocrx_word' id='word_1_91' title='bbox 736 1682 852 1766; x_wconf 80' lang='lat' dir='ltr'><strong>Deum,</strong></span> <span class='ocrx_word' id='word_1_92' title='bbox 875 1681 932 1770; x_wconf 79' lang='lat' dir='ltr'><strong>&#39;qut&#39;</strong></span> <span class='ocrx_word' id='word_1_93' title='bbox 952 1703 1000 1748; x_wconf 78' lang='lat' dir='ltr'><strong>me</strong></span> <span class='ocrx_word' id='word_1_94' title='bbox 1014 1681 1113 1768; x_wconf 77' lang='lat' dir='ltr'><strong>serit,</strong></span> <span class='ocrx_word' id='word_1_95' title='bbox 1135 1683 1181 1749; x_wconf 80' lang='lat' dir='ltr'><strong>tt·</strong></span> 
     </span>
     <span class='ocr_line' id='line_1_15' title="bbox 80 1785 1184 1884; baseline 0.003 -33"><span class='ocrx_word' id='word_1_96' title='bbox 80 1807 165 1869; x_wconf 69' lang='lat' dir='ltr'><strong>neo,</strong></span> <span class='ocrx_word' id='word_1_97' title='bbox 189 1796 220 1852; x_wconf 79' lang='lat' dir='ltr'><strong>et</strong></span> <span class='ocrx_word' id='word_1_98' title='bbox 241 1787 308 1872; x_wconf 68' lang='lat' dir='ltr'><strong>ipsi</strong></span> <span class='ocrx_word' id='word_1_99' title='bbox 328 1785 389 1851; x_wconf 78' lang='lat' dir='ltr'><strong>rodi</strong></span> <span class='ocrx_word' id='word_1_100' title='bbox 410 1787 524 1866; x_wconf 76' lang='lat' dir='ltr'><strong>servio.</strong></span> <span class='ocrx_word' id='word_1_101' title='bbox 575 1788 623 1884; x_wconf 70' lang='lat' dir='ltr'><strong>iic</strong></span> <span class='ocrx_word' id='word_1_102' title='bbox 642 1809 717 1854; x_wconf 79' lang='lat' dir='ltr'><strong>nero</strong></span> <span class='ocrx_word' id='word_1_103' title='bbox 739 1809 854 1874; x_wconf 77' lang='lat' dir='ltr'><strong>eorpus</strong></span> <span class='ocrx_word' id='word_1_104' title='bbox 874 1808 973 1852; x_wconf 81' lang='lat' dir='ltr'><strong>meust</strong></span> <span class='ocrx_word' id='word_1_105' title='bbox 996 1788 1042 1853; x_wconf 84' lang='lat' dir='ltr'><strong>ad</strong></span> <span class='ocrx_word' id='word_1_106' title='bbox 1060 1797 1184 1874; x_wconf 74' lang='lat' dir='ltr'><strong>tempor</strong></span> 
     </span>
    </p>
   </div>
   <div class='ocr_carea' id='block_1_6' title="bbox 80 1885 1316 1984">
    <p class='ocr_par' dir='ltr' id='par_1_6' title="bbox 80 1885 1316 1984">
     <span class='ocr_line' id='line_1_16' title="bbox 80 1885 1316 1984; baseline 0.003 -27"><span class='ocrx_word' id='word_1_107' title='bbox 80 1893 118 1957; x_wconf 82' lang='lat' dir='ltr'><strong>t&#39;rr</strong></span> <span class='ocrx_word' id='word_1_108' title='bbox 144 1899 306 1978; x_wconf 78' lang='lat' dir='ltr'><strong>potestate</strong></span> <span class='ocrx_word' id='word_1_109' title='bbox 333 1890 449 1975; x_wconf 70' lang='lat' dir='ltr'><strong>tado,</strong></span> <span class='ocrx_word' id='word_1_110' title='bbox 479 1892 617 1958; x_wconf 62' lang='lat' dir='ltr'><strong>ommam</strong></span> <span class='ocrx_word' id='word_1_111' title='bbox 644 1913 717 1984; x_wconf 76' lang='lat' dir='ltr'><strong>nero</strong></span> <span class='ocrx_word' id='word_1_112' title='bbox 745 1913 845 1958; x_wconf 80' lang='lat' dir='ltr'><strong>meant</strong></span> <span class='ocrx_word' id='word_1_113' title='bbox 871 1915 942 1959; x_wconf 78' lang='lat' dir='ltr'><strong>nore</strong></span> <span class='ocrx_word' id='word_1_114' title='bbox 960 1891 1089 1960; x_wconf 70' lang='lat' dir='ltr'><strong>tadeo·</strong></span> <span class='ocrx_word' id='word_1_115' title='bbox 1119 1893 1184 1960; x_wconf 85' lang='lat' dir='ltr'><strong>His</strong></span> <span class='ocrx_word' id='word_1_116' title='bbox 1313 1885 1316 1890; x_wconf 31' lang='lat'><strong>¹</strong></span> 
     </span>
    </p>
   </div>
   <div class='ocr_carea' id='block_1_7' title="bbox 82 1985 1184 2086">
    <p class='ocr_par' dir='ltr' id='par_1_7' title="bbox 82 1985 1184 2086">
     <span class='ocr_line' id='line_1_17' title="bbox 82 1985 1184 2086; baseline 0.002 -24"><span class='ocrx_word' id='word_1_117' title='bbox 82 2011 116 2064; x_wconf 89' lang='lat' dir='ltr'><strong>et</strong></span> <span class='ocrx_word' id='word_1_118' title='bbox 150 1997 225 2064; x_wconf 86' lang='lat' dir='ltr'><strong>aliis</strong></span> <span class='ocrx_word' id='word_1_119' title='bbox 254 1985 405 2062; x_wconf 85' lang='lat' dir='ltr'><strong>similiter</strong></span> <span class='ocrx_word' id='word_1_120' title='bbox 438 1999 532 2064; x_wconf 87' lang='lat' dir='ltr'><strong>dictis</strong></span> <span class='ocrx_word' id='word_1_121' title='bbox 558 1997 662 2086; x_wconf 84' lang='lat' dir='ltr'><strong>judex</strong></span> <span class='ocrx_word' id='word_1_122' title='bbox 694 1999 804 2064; x_wconf 86' lang='lat' dir='ltr'><strong>furore</strong></span> <span class='ocrx_word' id='word_1_123' title='bbox 838 2019 994 2065; x_wconf 84' lang='lat' dir='ltr'><strong>aooensnr</strong></span> <span class='ocrx_word' id='word_1_124' title='bbox 1022 2000 1184 2066; x_wconf 66' lang='lat' dir='ltr'><strong>decernit}</strong></span> 
     </span>
    </p>
   </div>
   <div class='ocr_carea' id='block_1_8' title="bbox 82 2099 1282 2189">
    <p class='ocr_par' dir='ltr' id='par_1_8' title="bbox 82 2099 1282 2189">
     <span class='ocr_line' id='line_1_18' title="bbox 82 2099 1282 2189; baseline -0.008 -17"><span class='ocrx_word' id='word_1_125' title='bbox 82 2101 353 2188; x_wconf 75' lang='lat' dir='ltr'><strong>symphorianus,</strong></span> <span class='ocrx_word' id='word_1_126' title='bbox 375 2103 496 2186; x_wconf 88' lang='lat' dir='ltr'><strong>publtei</strong></span> <span class='ocrx_word' id='word_1_127' title='bbox 519 2099 664 2170; x_wconf 77' lang='lat' dir='ltr'><strong>orhainis</strong></span> <span class='ocrx_word' id='word_1_128' title='bbox 686 2126 773 2185; x_wconf 89' lang='lat' dir='ltr'><strong>rens,</strong></span> <span class='ocrx_word' id='word_1_129' title='bbox 797 2108 850 2189; x_wconf 88' lang='lat' dir='ltr'><strong>qui</strong></span> <span class='ocrx_word' id='word_1_130' title='bbox 865 2105 927 2170; x_wconf 87' lang='lat' dir='ltr'><strong>diis</strong></span> <span class='ocrx_word' id='word_1_131' title='bbox 945 2107 1065 2171; x_wconf 87' lang='lat' dir='ltr'><strong>nostris</strong></span> <span class='ocrx_word' id='word_1_132' title='bbox 1084 2106 1184 2170; x_wconf 85' lang='lat' dir='ltr'><strong>anori-</strong></span> <span class='ocrx_word' id='word_1_133' title='bbox 1281 2176 1282 2182; x_wconf 7' lang='grc' dir='ltr'>ἵ</span> 
     </span>
    </p>
   </div>
   <div class='ocr_carea' id='block_1_9' title="bbox 80 2207 1185 2613">
    <p class='ocr_par' dir='ltr' id='par_1_9' title="bbox 80 2207 1185 2613">
     <span class='ocr_line' id='line_1_19' title="bbox 82 2207 1184 2298; baseline 0.002 -26"><span class='ocrx_word' id='word_1_134' title='bbox 82 2207 184 2274; x_wconf 81' lang='lat' dir='ltr'><strong>ficare</strong></span> <span class='ocrx_word' id='word_1_135' title='bbox 207 2209 392 2273; x_wconf 84' lang='lat' dir='ltr'><strong>detrectans</strong></span> <span class='ocrx_word' id='word_1_136' title='bbox 414 2211 597 2294; x_wconf 85' lang='lat' dir='ltr'><strong>majestatis</strong></span> <span class='ocrx_word' id='word_1_137' title='bbox 619 2210 825 2298; x_wconf 78' lang='lat' dir='ltr'><strong>saerilegium</strong></span> <span class='ocrx_word' id='word_1_138' title='bbox 847 2212 1052 2294; x_wconf 84' lang='lat' dir='ltr'><strong>perpetravit,</strong></span> <span class='ocrx_word' id='word_1_139' title='bbox 1074 2207 1184 2296; x_wconf 85' lang='lat' dir='ltr'><strong>gladio</strong></span> 
     </span>
     <span class='ocr_line' id='line_1_20' title="bbox 80 2312 1184 2384; baseline 0.001 -6"><span class='ocrx_word' id='word_1_140' title='bbox 80 2313 188 2379; x_wconf 88' lang='lat' dir='ltr'><strong>ultore</strong></span> <span class='ocrx_word' id='word_1_141' title='bbox 210 2313 347 2384; x_wconf 80' lang='lat' dir='ltr'><strong>feriatur</strong></span> <span class='ocrx_word' id='word_1_142' title='bbox 365 2360 375 2378; x_wconf 89' lang='lat'><strong>.</strong></span> <span class='ocrx_word' id='word_1_143' title='bbox 393 2359 433 2379; x_wconf 87' lang='lat'><strong>..</strong></span> <span class='ocrx_word' id='word_1_144' title='bbox 477 2312 534 2382; x_wconf 84' lang='lat' dir='ltr'><strong>Sic</strong></span> <span class='ocrx_word' id='word_1_145' title='bbox 556 2317 632 2382; x_wconf 84' lang='lat' dir='ltr'><strong>data</strong></span> <span class='ocrx_word' id='word_1_146' title='bbox 653 2319 817 2382; x_wconf 88' lang='lat' dir='ltr'><strong>sententia</strong></span> <span class='ocrx_word' id='word_1_147' title='bbox 838 2315 955 2382; x_wconf 84' lang='lat' dir='ltr'><strong>beatus</strong></span> <span class='ocrx_word' id='word_1_148' title='bbox 976 2318 1027 2380; x_wconf 84' lang='lat' dir='ltr'><strong>vir</strong></span> <span class='ocrx_word' id='word_1_149' title='bbox 1042 2313 1110 2381; x_wconf 88' lang='lat' dir='ltr'><strong>Dei</strong></span> <span class='ocrx_word' id='word_1_150' title='bbox 1126 2315 1184 2380; x_wconf 90' lang='lat' dir='ltr'><strong>dn·</strong></span> 
     </span>
     <span class='ocr_line' id='line_1_21' title="bbox 81 2419 1185 2506; baseline 0.001 -22"><span class='ocrx_word' id='word_1_151' title='bbox 81 2419 217 2484; x_wconf 85' lang='lat' dir='ltr'><strong>rebatur</strong></span> <span class='ocrx_word' id='word_1_152' title='bbox 240 2419 282 2484; x_wconf 89' lang='lat' dir='ltr'><strong>ad</strong></span> <span class='ocrx_word' id='word_1_153' title='bbox 303 2421 554 2486; x_wconf 83' lang='lat' dir='ltr'><strong>victimam...</strong></span> <span class='ocrx_word' id='word_1_154' title='bbox 596 2421 705 2487; x_wconf 87' lang='lat' dir='ltr'><strong>Matre</strong></span> <span class='ocrx_word' id='word_1_155' title='bbox 734 2423 775 2488; x_wconf 91' lang='lat' dir='ltr'><strong>ad</strong></span> <span class='ocrx_word' id='word_1_156' title='bbox 805 2424 994 2506; x_wconf 80' lang='lat' dir='ltr'><strong>martyrium</strong></span> <span class='ocrx_word' id='word_1_157' title='bbox 1022 2443 1094 2486; x_wconf 89' lang='lat' dir='ltr'><strong>enm</strong></span> <span class='ocrx_word' id='word_1_158' title='bbox 1123 2441 1185 2485; x_wconf 84' lang='lat' dir='ltr'><strong>ex-</strong></span> 
     </span>
     <span class='ocr_line' id='line_1_22' title="bbox 80 2523 1185 2613; baseline 0.001 -24"><span class='ocrx_word' id='word_1_159' title='bbox 80 2523 235 2591; x_wconf 87' lang='lat' dir='ltr'><strong>hortante</strong></span> <span class='ocrx_word' id='word_1_160' title='bbox 264 2537 362 2590; x_wconf 83' lang='lat' dir='ltr'><strong>extra</strong></span> <span class='ocrx_word' id='word_1_161' title='bbox 382 2547 508 2592; x_wconf 85' lang='lat' dir='ltr'><strong>marum</strong></span> <span class='ocrx_word' id='word_1_162' title='bbox 529 2527 641 2596; x_wconf 84' lang='lat' dir='ltr'><strong>duetus</strong></span> <span class='ocrx_word' id='word_1_163' title='bbox 663 2551 684 2596; x_wconf 90' lang='lat' dir='ltr'><strong>a</strong></span> <span class='ocrx_word' id='word_1_164' title='bbox 705 2547 896 2613; x_wconf 81' lang='lat' dir='ltr'><strong>percussore</strong></span> <span class='ocrx_word' id='word_1_165' title='bbox 923 2539 1101 2612; x_wconf 83' lang='lat' dir='ltr'><strong>prostratas</strong></span> <span class='ocrx_word' id='word_1_166' title='bbox 1123 2539 1185 2592; x_wconf 87' lang='lat' dir='ltr'><strong>est.</strong></span> 
     </span>
    </p>
   </div>
   <div class='ocr_carea' id='block_1_10' title="bbox 0 0 1347 4784">
    <p class='ocr_par' dir='ltr' id='par_1_10' title="bbox 0 0 1347 4784">
     <span class='ocr_line' id='line_1_23' title="bbox 0 0 1347 4784; baseline 0 0"><span class='ocrx_word' id='word_1_167' title='bbox 0 0 1347 4784; x_wconf 95' lang='lat' dir='ltr'><strong> </strong></span> 
     </span>
    </p>
   </div>
  </div>
 </body>
</html>
