<?xml version="1.0" encoding="UTF-8"?>
<!DOCTYPE html PUBLIC "-//W3C//DTD XHTML 1.0 Transitional//EN"
    "http://www.w3.org/TR/xhtml1/DTD/xhtml1-transitional.dtd">
<html xmlns="http://www.w3.org/1999/xhtml" xml:lang="en" lang="en">
 <head>
  <title>
</title>
<meta http-equiv="Content-Type" content="text/html;charset=utf-8" />
  <meta name='ocr-system' content='tesseract 3.04.00' />
  <meta name='ocr-capabilities' content='ocr_page ocr_carea ocr_par ocr_line ocrx_word'/>
</head>
<body>
  <div class='ocr_page' id='page_1' title='image "./bibliothecapatr00permgoog_0136.png"; bbox 0 0 2614 4790; ppageno 0'>
   <div class='ocr_carea' id='block_1_1' title="bbox 566 289 769 384">
    <p class='ocr_par' dir='ltr' id='par_1_1' title="bbox 566 289 769 384">
     <span class='ocr_line' id='line_1_1' title="bbox 566 289 769 384; baseline -0.01 0"><span class='ocrx_word' id='word_1_1' title='bbox 566 289 769 384; x_wconf 79' lang='lat' dir='ltr'><strong>&#39;teo&#39;</strong></span> 
     </span>
    </p>
   </div>
   <div class='ocr_carea' id='block_1_2' title="bbox 83 527 1301 1764">
    <p class='ocr_par' dir='ltr' id='par_1_2' title="bbox 83 527 1301 1764">
     <span class='ocr_line' id='line_1_2' title="bbox 132 527 1227 616; baseline -0.004 -18"><span class='ocrx_word' id='word_1_2' title='bbox 132 545 194 612; x_wconf 86' lang='lat' dir='ltr'><strong>ret,</strong></span> <span class='ocrx_word' id='word_1_3' title='bbox 217 527 450 616; x_wconf 81' lang='lat' dir='ltr'><strong>quodquidam</strong></span> <span class='ocrx_word' id='word_1_4' title='bbox 471 531 522 593; x_wconf 85' lang='lat' dir='ltr'><strong>vir</strong></span> <span class='ocrx_word' id='word_1_5' title='bbox 543 529 656 604; x_wconf 79' lang='lat' dir='ltr'><strong>doetus</strong></span> <span class='ocrx_word' id='word_1_6' title='bbox 680 528 834 614; x_wconf 76' lang='lat' dir='ltr'><strong>Scaliger</strong></span> <span class='ocrx_word' id='word_1_7' title='bbox 855 531 987 596; x_wconf 88' lang='lat' dir='ltr'><strong>omnine</strong></span> <span class='ocrx_word' id='word_1_8' title='bbox 1010 542 1126 616; x_wconf 79' lang='lat' dir='ltr'><strong>negat,</strong></span> <span class='ocrx_word' id='word_1_9' title='bbox 1154 527 1227 608; x_wconf 73' lang='lat' dir='ltr'><strong>m-</strong></span> 
     </span>
     <span class='ocr_line' id='line_1_3' title="bbox 128 619 1230 720; baseline 0 -20"><span class='ocrx_word' id='word_1_10' title='bbox 128 637 299 714; x_wconf 62' lang='grc' dir='ltr'><strong>Μαίη</strong></span> <span class='ocrx_word' id='word_1_11' title='bbox 320 655 398 700; x_wconf 83' lang='lat' dir='ltr'><strong>vero</strong></span> <span class='ocrx_word' id='word_1_12' title='bbox 421 637 539 718; x_wconf 86' lang='lat' dir='ltr'><strong>potiori</strong></span> <span class='ocrx_word' id='word_1_13' title='bbox 556 619 836 720; x_wconf 52' lang='lat' dir='ltr'><strong>juresnsseveren</strong></span> <span class='ocrx_word' id='word_1_14' title='bbox 866 633 941 700; x_wconf 81' lang='lat' dir='ltr'><strong>illus</strong></span> <span class='ocrx_word' id='word_1_15' title='bbox 968 648 1077 700; x_wconf 81' lang='lat' dir='ltr'><strong>tumen</strong></span> <span class='ocrx_word' id='word_1_16' title='bbox 1099 635 1141 700; x_wconf 83' lang='lat' dir='ltr'><strong>ab</strong></span> <span class='ocrx_word' id='word_1_17' title='bbox 1163 634 1230 700; x_wconf 85' lang='lat' dir='ltr'><strong>hae</strong></span> 
     </span>
     <span class='ocr_line' id='line_1_4' title="bbox 132 732 1229 825; baseline -0.003 -19"><span class='ocrx_word' id='word_1_18' title='bbox 132 749 244 806; x_wconf 78' lang='lat' dir='ltr'><strong>anatra</strong></span> <span class='ocrx_word' id='word_1_19' title='bbox 272 739 409 823; x_wconf 85' lang='lat' dir='ltr'><strong>epistola</strong></span> <span class='ocrx_word' id='word_1_20' title='bbox 435 763 589 824; x_wconf 77' lang='lat' dir='ltr'>perquam</span> <span class='ocrx_word' id='word_1_21' title='bbox 620 732 801 824; x_wconf 74' lang='lat' dir='ltr'><strong>discrepare</strong></span> <span class='ocrx_word' id='word_1_22' title='bbox 827 743 897 825; x_wconf 84' lang='lat' dir='ltr'><strong>jam</strong></span> <span class='ocrx_word' id='word_1_23' title='bbox 920 740 1075 806; x_wconf 80' lang='lat' dir='ltr'><strong>Mutunus</strong></span> <span class='ocrx_word' id='word_1_24' title='bbox 1105 741 1229 805; x_wconf 78' lang='lat' dir='ltr'><strong>diserte</strong></span> 
     </span>
     <span class='ocr_line' id='line_1_5' title="bbox 132 833 1231 932; baseline -0.003 -21"><span class='ocrx_word' id='word_1_25' title='bbox 132 846 258 930; x_wconf 82' lang='lat' dir='ltr'><strong>prebet.</strong></span> <span class='ocrx_word' id='word_1_26' title='bbox 304 842 347 910; x_wconf 90' lang='lat' dir='ltr'><strong>Ut</strong></span> <span class='ocrx_word' id='word_1_27' title='bbox 370 847 455 908; x_wconf 85' lang='lat' dir='ltr'><strong>enim</strong></span> <span class='ocrx_word' id='word_1_28' title='bbox 479 847 512 909; x_wconf 86' lang='lat' dir='ltr'><strong>id</strong></span> <span class='ocrx_word' id='word_1_29' title='bbox 533 867 633 910; x_wconf 84' lang='lat' dir='ltr'><strong>unum</strong></span> <span class='ocrx_word' id='word_1_30' title='bbox 655 833 877 932; x_wconf 72' lang='lat' dir='ltr'><strong>adtingamus,</strong></span> <span class='ocrx_word' id='word_1_31' title='bbox 907 844 1070 928; x_wconf 83' lang='lat' dir='ltr'><strong>Epistola,</strong></span> <span class='ocrx_word' id='word_1_32' title='bbox 1100 845 1141 910; x_wconf 83' lang='lat' dir='ltr'><strong>de</strong></span> <span class='ocrx_word' id='word_1_33' title='bbox 1162 867 1231 928; x_wconf 78' lang='lat' dir='ltr'><strong>qua</strong></span> 
     </span>
     <span class='ocr_line' id='line_1_6' title="bbox 83 933 1230 1036; baseline -0.002 -20"><span class='ocrx_word' id='word_1_34' title='bbox 83 935 89 948; x_wconf 56' lang='grc'>’</span> <span class='ocrx_word' id='word_1_35' title='bbox 133 973 203 1016; x_wconf 47' lang='lat' dir='ltr'><strong>noar</strong></span> <span class='ocrx_word' id='word_1_36' title='bbox 216 949 354 1036; x_wconf 76' lang='lat' dir='ltr'><strong>agimus,</strong></span> <span class='ocrx_word' id='word_1_37' title='bbox 367 933 491 1013; x_wconf 68' lang='lat' dir='ltr'><strong>=enarrarem</strong></span> <span class='ocrx_word' id='word_1_38' title='bbox 511 971 644 1034; x_wconf 74' lang='lat' dir='ltr'><strong>prorsus</strong></span> <span class='ocrx_word' id='word_1_39' title='bbox 661 970 796 1032; x_wconf 71' lang='lat' dir='ltr'><strong>poenum</strong></span> <span class='ocrx_word' id='word_1_40' title='bbox 819 973 838 1012; x_wconf 83' lang='lat' dir='ltr'><strong>a</strong></span> <span class='ocrx_word' id='word_1_41' title='bbox 854 949 1038 1014; x_wconf 81' lang='lat' dir='ltr'><strong>Christiano</strong></span> <span class='ocrx_word' id='word_1_42' title='bbox 1057 948 1230 1036; x_wconf 75' lang='lat' dir='ltr'><strong>religionis</strong></span> 
     </span>
     <span class='ocr_line' id='line_1_7' title="bbox 133 1055 1232 1140; baseline -0.003 -19"><span class='ocrx_word' id='word_1_43' title='bbox 133 1067 258 1121; x_wconf 89' lang='lat' dir='ltr'><strong>tantum</strong></span> <span class='ocrx_word' id='word_1_44' title='bbox 272 1082 274 1088; x_wconf 87' lang='lat'><em>·</em></span> <span class='ocrx_word' id='word_1_45' title='bbox 287 1055 435 1118; x_wconf 86' lang='lat' dir='ltr'><strong>nomine·</strong></span> <span class='ocrx_word' id='word_1_46' title='bbox 449 1070 600 1120; x_wconf 81' lang='lat' dir='ltr'><strong>annuento</strong></span> <span class='ocrx_word' id='word_1_47' title='bbox 623 1055 802 1140; x_wconf 63' lang='lat' dir='ltr'><strong>propulsam</strong></span> <span class='ocrx_word' id='word_1_48' title='bbox 833 1067 866 1118; x_wconf 78' lang='lat' dir='ltr'><strong>st</strong></span> <span class='ocrx_word' id='word_1_49' title='bbox 887 1055 920 1119; x_wconf 88' lang='lat' dir='ltr'><strong>id</strong></span> <span class='ocrx_word' id='word_1_50' title='bbox 950 1057 1077 1138; x_wconf 87' lang='lat' dir='ltr'><strong>penitus</strong></span> <span class='ocrx_word' id='word_1_51' title='bbox 1105 1069 1232 1140; x_wconf 80' lang='lat' dir='ltr'><strong>pugnat</strong></span> 
     </span>
     <span class='ocr_line' id='line_1_8' title="bbox 133 1155 1242 1244; baseline -0.004 -18"><span class='ocrx_word' id='word_1_52' title='bbox 133 1181 205 1226; x_wconf 82' lang='lat' dir='ltr'><strong>eum</strong></span> <span class='ocrx_word' id='word_1_53' title='bbox 229 1158 434 1225; x_wconf 76' lang='lat' dir='ltr'><strong>Tertulliano</strong></span> <span class='ocrx_word' id='word_1_54' title='bbox 458 1174 491 1224; x_wconf 90' lang='lat' dir='ltr'><strong>et</strong></span> <span class='ocrx_word' id='word_1_55' title='bbox 513 1183 585 1224; x_wconf 86' lang='lat' dir='ltr'><strong>enm</strong></span> <span class='ocrx_word' id='word_1_56' title='bbox 608 1158 769 1244; x_wconf 87' lang='lat' dir='ltr'><strong>exemplis</strong></span> <span class='ocrx_word' id='word_1_57' title='bbox 791 1155 975 1238; x_wconf 72' lang='lat' dir='ltr'><strong>Martyrum</strong></span> <span class='ocrx_word' id='word_1_58' title='bbox 1000 1158 1242 1236; x_wconf 57' lang='lat' dir='ltr'><strong>i&#39;iermearium</strong></span> 
     </span>
     <span class='ocr_line' id='line_1_9' title="bbox 134 1263 1230 1350; baseline -0.002 -20"><span class='ocrx_word' id='word_1_59' title='bbox 134 1287 214 1350; x_wconf 79' lang='lat' dir='ltr'><strong>quoe</strong></span> <span class='ocrx_word' id='word_1_60' title='bbox 243 1267 278 1328; x_wconf 91' lang='lat' dir='ltr'><strong>in</strong></span> <span class='ocrx_word' id='word_1_61' title='bbox 305 1263 462 1346; x_wconf 72' lang='lat' dir='ltr'><strong>Julieium</strong></span> <span class='ocrx_word' id='word_1_62' title='bbox 491 1277 623 1329; x_wconf 63' lang='lat' dir='ltr'><strong>svooutos</strong></span> <span class='ocrx_word' id='word_1_63' title='bbox 651 1263 790 1349; x_wconf 79' lang='lat' dir='ltr'><strong>legimus</strong></span> <span class='ocrx_word' id='word_1_64' title='bbox 819 1263 1048 1346; x_wconf 82' lang='lat' dir='ltr'><strong>damnatosque</strong></span> <span class='ocrx_word' id='word_1_65' title='bbox 1076 1265 1147 1346; x_wconf 82' lang='lat' dir='ltr'><strong>ipso</strong></span> <span class='ocrx_word' id='word_1_66' title='bbox 1169 1265 1230 1348; x_wconf 79' lang='lat' dir='ltr'><strong>jn-</strong></span> 
     </span>
     <span class='ocr_line' id='line_1_10' title="bbox 132 1365 1230 1451; baseline -0.002 -16"><span class='ocrx_word' id='word_1_67' title='bbox 132 1371 233 1436; x_wconf 83' lang='lat' dir='ltr'><strong>beute</strong></span> <span class='ocrx_word' id='word_1_68' title='bbox 253 1367 378 1434; x_wconf 84' lang='lat' dir='ltr'><strong>Mareu.</strong></span> <span class='ocrx_word' id='word_1_69' title='bbox 423 1365 492 1432; x_wconf 90' lang='lat' dir='ltr'><strong>Neo</strong></span> <span class='ocrx_word' id='word_1_70' title='bbox 520 1367 631 1451; x_wconf 85' lang='lat' dir='ltr'><strong>preeul</strong></span> <span class='ocrx_word' id='word_1_71' title='bbox 659 1389 778 1432; x_wconf 86' lang='lat' dir='ltr'><strong>avere</strong></span> <span class='ocrx_word' id='word_1_72' title='bbox 802 1368 970 1433; x_wconf 80' lang='lat' dir='ltr'><strong>aberrasse</strong></span> <span class='ocrx_word' id='word_1_73' title='bbox 998 1365 1122 1432; x_wconf 82' lang='lat' dir='ltr'><strong>videtur</strong></span> <span class='ocrx_word' id='word_1_74' title='bbox 1144 1367 1230 1433; x_wconf 83' lang='lat' dir='ltr'><strong>Son-</strong></span> 
     </span>
     <span class='ocr_line' id='line_1_11' title="bbox 132 1469 1229 1560; baseline 0 -24"><span class='ocrx_word' id='word_1_75' title='bbox 132 1474 234 1560; x_wconf 74' lang='lat' dir='ltr'><strong>flger,</strong></span> <span class='ocrx_word' id='word_1_76' title='bbox 270 1476 323 1556; x_wconf 87' lang='lat' dir='ltr'><strong>qui</strong></span> <span class='ocrx_word' id='word_1_77' title='bbox 352 1471 465 1536; x_wconf 83' lang='lat' dir='ltr'><strong>literas</strong></span> <span class='ocrx_word' id='word_1_78' title='bbox 493 1471 594 1537; x_wconf 83' lang='lat' dir='ltr'><strong>hasce</strong></span> <span class='ocrx_word' id='word_1_79' title='bbox 624 1471 725 1538; x_wconf 89' lang='lat' dir='ltr'><strong>multo</strong></span> <span class='ocrx_word' id='word_1_80' title='bbox 755 1473 943 1538; x_wconf 75' lang='lat' dir='ltr'><strong>reemle&#39;oru&#39;t</strong></span> <span class='ocrx_word' id='word_1_81' title='bbox 973 1469 1089 1543; x_wconf 73' lang='lat' dir='ltr'><strong>Granni</strong></span> <span class='ocrx_word' id='word_1_82' title='bbox 1118 1493 1229 1538; x_wconf 85' lang='lat' dir='ltr'><strong>rerum</strong></span> 
     </span>
     <span class='ocr_line' id='line_1_12' title="bbox 134 1577 1301 1663; baseline -0.001 -21"><span class='ocrx_word' id='word_1_83' title='bbox 134 1577 352 1650; x_wconf 80' lang='lat' dir='ltr'><strong>Romanarum</strong></span> <span class='ocrx_word' id='word_1_84' title='bbox 375 1580 480 1642; x_wconf 88' lang='lat' dir='ltr'><strong>minus</strong></span> <span class='ocrx_word' id='word_1_85' title='bbox 501 1579 594 1663; x_wconf 84' lang='lat' dir='ltr'><strong>gnari</strong></span> <span class='ocrx_word' id='word_1_86' title='bbox 616 1577 721 1642; x_wconf 86' lang='lat' dir='ltr'><strong>foetus</strong></span> <span class='ocrx_word' id='word_1_87' title='bbox 744 1599 816 1642; x_wconf 87' lang='lat' dir='ltr'><strong>essa</strong></span> <span class='ocrx_word' id='word_1_88' title='bbox 839 1579 1037 1662; x_wconf 76' lang='lat' dir='ltr'><strong>pronuntiat,</strong></span> <span class='ocrx_word' id='word_1_89' title='bbox 1064 1577 1150 1642; x_wconf 82' lang='lat' dir='ltr'><strong>iufra</strong></span> <span class='ocrx_word' id='word_1_90' title='bbox 1173 1599 1230 1643; x_wconf 84' lang='lat' dir='ltr'><strong>se·</strong></span> <span class='ocrx_word' id='word_1_91' title='bbox 1298 1627 1301 1631; x_wconf 77' lang='lat'>.</span> 
     </span>
     <span class='ocr_line' id='line_1_13' title="bbox 133 1675 725 1764; baseline -0.002 -18"><span class='ocrx_word' id='word_1_92' title='bbox 133 1680 241 1746; x_wconf 87' lang='lat' dir='ltr'><strong>nulum</strong></span> <span class='ocrx_word' id='word_1_93' title='bbox 262 1675 446 1744; x_wconf 78' lang='lat' dir='ltr'><strong>Jnrliaioni</strong></span> <span class='ocrx_word' id='word_1_94' title='bbox 467 1683 680 1764; x_wconf 86' lang='lat' dir='ltr'><strong>imperatoris.</strong></span> <span class='ocrx_word' id='word_1_95' title='bbox 720 1757 725 1764; x_wconf 30' lang='grc' dir='ltr'>Ι</span> 
     </span>
    </p>
   </div>
   <div class='ocr_carea' id='block_1_3' title="bbox 47 1857 1295 2572">
    <p class='ocr_par' dir='ltr' id='par_1_3' title="bbox 47 1857 1295 2572">
     <span class='ocr_line' id='line_1_14' title="bbox 481 1857 969 1928; baseline -0.004 -16"><span class='ocrx_word' id='word_1_96' title='bbox 481 1857 510 1922; x_wconf 79' lang='lat' dir='ltr'><strong>b)</strong></span> <span class='ocrx_word' id='word_1_97' title='bbox 539 1857 667 1928; x_wconf 84' lang='lat' dir='ltr'><strong>Synepsis</strong></span> <span class='ocrx_word' id='word_1_98' title='bbox 684 1857 829 1928; x_wconf 77' lang='lat' dir='ltr'><strong>Apologiae</strong></span> <span class='ocrx_word' id='word_1_99' title='bbox 848 1857 882 1911; x_wconf 90' lang='lat'><strong>11.</strong></span> <span class='ocrx_word' id='word_1_100' title='bbox 963 1885 969 1893; x_wconf 82' lang='lat'><em>,</em></span> 
     </span>
     <span class='ocr_line' id='line_1_15' title="bbox 101 1959 1229 2054; baseline -0.004 -24"><span class='ocrx_word' id='word_1_101' title='bbox 101 2045 103 2054; x_wconf 25' lang='grc' dir='ltr'>Ι</span> <span class='ocrx_word' id='word_1_102' title='bbox 221 1959 251 2046; x_wconf 64' lang='lat' dir='ltr'><strong>p</strong></span> <span class='ocrx_word' id='word_1_103' title='bbox 281 1967 375 2040; x_wconf 68' lang='lat'><strong>¹840</strong></span> <span class='ocrx_word' id='word_1_104' title='bbox 427 1959 534 2046; x_wconf 85' lang='lat' dir='ltr'><strong>Hujus</strong></span> <span class='ocrx_word' id='word_1_105' title='bbox 562 1960 741 2048; x_wconf 82' lang='lat' dir='ltr'><strong>Apologiae</strong></span> <span class='ocrx_word' id='word_1_106' title='bbox 772 1980 916 2024; x_wconf 73' lang='lat' dir='ltr'><strong>erroreum</strong></span> <span class='ocrx_word' id='word_1_107' title='bbox 946 1959 1034 2026; x_wconf 85' lang='lat' dir='ltr'><strong>dedit</strong></span> <span class='ocrx_word' id='word_1_108' title='bbox 1061 1960 1229 2028; x_wconf 82' lang='lat' dir='ltr'><strong>dmonstie</strong></span> 
     </span>
     <span class='ocr_line' id='line_1_16' title="bbox 47 2063 1229 2150; baseline -0.003 -17"><span class='ocrx_word' id='word_1_109' title='bbox 47 2095 52 2102; x_wconf 85' lang='lat'><strong>·</strong></span> <span class='ocrx_word' id='word_1_110' title='bbox 135 2063 258 2149; x_wconf 79' lang='lat' dir='ltr'><strong>aliquot</strong></span> <span class='ocrx_word' id='word_1_111' title='bbox 280 2063 554 2150; x_wconf 84' lang='lat' dir='ltr'><strong>Christianorum,</strong></span> <span class='ocrx_word' id='word_1_112' title='bbox 583 2076 662 2148; x_wconf 87' lang='lat' dir='ltr'><strong>quos</strong></span> <span class='ocrx_word' id='word_1_113' title='bbox 683 2065 829 2132; x_wconf 78' lang='lat' dir='ltr'><strong>lustinus</strong></span> <span class='ocrx_word' id='word_1_114' title='bbox 852 2064 892 2128; x_wconf 88' lang='lat' dir='ltr'><strong>ab</strong></span> <span class='ocrx_word' id='word_1_115' title='bbox 920 2063 1035 2128; x_wconf 77' lang='lat' dir='ltr'><strong>Uelino</strong></span> <span class='ocrx_word' id='word_1_116' title='bbox 1056 2065 1229 2130; x_wconf 79' lang='lat' dir='ltr'><strong>Praefecto</strong></span> 
     </span>
     <span class='ocr_line' id='line_1_17' title="bbox 135 2151 1295 2266; baseline -0.001 -29"><span class='ocrx_word' id='word_1_117' title='bbox 135 2170 177 2237; x_wconf 85' lang='lat' dir='ltr'><strong>ub</strong></span> <span class='ocrx_word' id='word_1_118' title='bbox 205 2170 309 2236; x_wconf 83' lang='lat' dir='ltr'><strong>selum</strong></span> <span class='ocrx_word' id='word_1_119' title='bbox 333 2167 454 2236; x_wconf 75' lang='lat' dir='ltr'><strong>Christi</strong></span> <span class='ocrx_word' id='word_1_120' title='bbox 482 2151 621 2236; x_wconf 84' lang='lat' dir='ltr'><strong>noruinis</strong></span> <span class='ocrx_word' id='word_1_121' title='bbox 648 2169 882 2252; x_wconf 81' lang='lat' dir='ltr'><strong>professionem</strong></span> <span class='ocrx_word' id='word_1_122' title='bbox 909 2168 1064 2252; x_wconf 84' lang='lat' dir='ltr'><strong>supplicio</strong></span> <span class='ocrx_word' id='word_1_123' title='bbox 1093 2170 1247 2266; x_wconf 31' lang='lat' dir='ltr'><strong>traditos)</strong></span> <span class='ocrx_word' id='word_1_124' title='bbox 1290 2201 1295 2210; x_wconf 94' lang='lat'>·</span> 
     </span>
     <span class='ocr_line' id='line_1_18' title="bbox 136 2273 1229 2358; baseline -0.002 -18"><span class='ocrx_word' id='word_1_125' title='bbox 136 2276 280 2342; x_wconf 87' lang='lat' dir='ltr'><strong>vidisset.</strong></span> <span class='ocrx_word' id='word_1_126' title='bbox 325 2273 483 2342; x_wconf 85' lang='lat' dir='ltr'><strong>Declarat</strong></span> <span class='ocrx_word' id='word_1_127' title='bbox 509 2277 543 2338; x_wconf 93' lang='lat' dir='ltr'><strong>iu</strong></span> <span class='ocrx_word' id='word_1_128' title='bbox 566 2275 756 2358; x_wconf 86' lang='lat' dir='ltr'><strong>primordio,</strong></span> <span class='ocrx_word' id='word_1_129' title='bbox 787 2275 935 2340; x_wconf 87' lang='lat' dir='ltr'><strong>homiues</strong></span> <span class='ocrx_word' id='word_1_130' title='bbox 963 2273 1126 2358; x_wconf 88' lang='lat' dir='ltr'><strong>improbos</strong></span> <span class='ocrx_word' id='word_1_131' title='bbox 1155 2295 1229 2338; x_wconf 85' lang='lat' dir='ltr'><strong>uum</strong></span> 
     </span>
     <span class='ocr_line' id='line_1_19' title="bbox 136 2379 1230 2472; baseline -0.004 -24"><span class='ocrx_word' id='word_1_132' title='bbox 136 2380 346 2452; x_wconf 76' lang='lat' dir='ltr'><strong>daemonibus</strong></span> <span class='ocrx_word' id='word_1_133' title='bbox 369 2384 500 2464; x_wconf 73' lang='lat' dir='ltr'><strong>operatu</strong></span> <span class='ocrx_word' id='word_1_134' title='bbox 522 2381 719 2466; x_wconf 81' lang='lat' dir='ltr'><strong>conjungere</strong></span> <span class='ocrx_word' id='word_1_135' title='bbox 742 2379 994 2446; x_wconf 87' lang='lat' dir='ltr'><strong>ad-eoeidendos</strong></span> <span class='ocrx_word' id='word_1_136' title='bbox 1011 2379 1230 2472; x_wconf 83' lang='lat' dir='ltr'><strong>Christianos,</strong></span> 
     </span>
     <span class='ocr_line' id='line_1_20' title="bbox 136 2483 1230 2572; baseline 0 -22"><span class='ocrx_word' id='word_1_137' title='bbox 136 2499 169 2552; x_wconf 87' lang='lat' dir='ltr'><strong>et</strong></span> <span class='ocrx_word' id='word_1_138' title='bbox 191 2485 287 2570; x_wconf 83' lang='lat' dir='ltr'><strong>hujus</strong></span> <span class='ocrx_word' id='word_1_139' title='bbox 308 2485 359 2548; x_wconf 86' lang='lat' dir='ltr'><strong>rei</strong></span> <span class='ocrx_word' id='word_1_140' title='bbox 380 2483 585 2550; x_wconf 85' lang='lat' dir='ltr'><strong>manifestum</strong></span> <span class='ocrx_word' id='word_1_141' title='bbox 608 2498 830 2572; x_wconf 80' lang='lat' dir='ltr'><strong>argumentum</strong></span> <span class='ocrx_word' id='word_1_142' title='bbox 851 2485 988 2570; x_wconf 78' lang='lat' dir='ltr'><strong>profert,</strong></span> <span class='ocrx_word' id='word_1_143' title='bbox 1018 2507 1154 2552; x_wconf 84' lang='lat' dir='ltr'><strong>narrans</strong></span> <span class='ocrx_word' id='word_1_144' title='bbox 1176 2484 1230 2550; x_wconf 89' lang='lat' dir='ltr'><strong>hi·</strong></span> 
     </span>
    </p>
   </div>
   <div class='ocr_carea' id='block_1_4' title="bbox 1 2587 1230 2674">
    <p class='ocr_par' dir='ltr' id='par_1_4' title="bbox 1 2587 1230 2674">
     <span class='ocr_line' id='line_1_21' title="bbox 1 2587 1230 2674; baseline -0.003 -16"><span class='ocrx_word' id='word_1_145' title='bbox 1 2588 4 2593; x_wconf 76' lang='grc'><strong>’</strong></span> <span class='ocrx_word' id='word_1_146' title='bbox 135 2594 268 2658; x_wconf 78' lang='lat' dir='ltr'><strong>storiam</strong></span> <span class='ocrx_word' id='word_1_147' title='bbox 297 2597 393 2672; x_wconf 76' lang='lat' dir='ltr'><strong>snpra</strong></span> <span class='ocrx_word' id='word_1_148' title='bbox 420 2588 549 2652; x_wconf 86' lang='lat' dir='ltr'><strong>dictam.</strong></span> <span class='ocrx_word' id='word_1_149' title='bbox 593 2587 663 2652; x_wconf 90' lang='lat' dir='ltr'><strong>Imo</strong></span> <span class='ocrx_word' id='word_1_150' title='bbox 692 2611 728 2654; x_wconf 91' lang='lat' dir='ltr'><strong>se</strong></span> <span class='ocrx_word' id='word_1_151' title='bbox 758 2589 827 2674; x_wconf 83' lang='lat' dir='ltr'><strong>ipse</strong></span> <span class='ocrx_word' id='word_1_152' title='bbox 857 2602 991 2656; x_wconf 86' lang='lat' dir='ltr'><strong>testatur</strong></span> <span class='ocrx_word' id='word_1_153' title='bbox 1022 2603 1230 2674; x_wconf 85' lang='lat' dir='ltr'><strong>exspeetare,</strong></span> 
     </span>
    </p>
   </div>
   <div class='ocr_carea' id='block_1_5' title="bbox 37 2689 1295 4261">
    <p class='ocr_par' dir='ltr' id='par_1_5' title="bbox 37 2689 1295 4261">
     <span class='ocr_line' id='line_1_22' title="bbox 135 2689 1228 2778; baseline -0.002 -20"><span class='ocrx_word' id='word_1_154' title='bbox 135 2693 205 2758; x_wconf 88' lang='lat' dir='ltr'><strong>fure</strong></span> <span class='ocrx_word' id='word_1_155' title='bbox 227 2706 264 2758; x_wconf 89' lang='lat' dir='ltr'><strong>ut</strong></span> <span class='ocrx_word' id='word_1_156' title='bbox 285 2713 305 2756; x_wconf 88' lang='lat' dir='ltr'><strong>o</strong></span> <span class='ocrx_word' id='word_1_157' title='bbox 326 2689 493 2756; x_wconf 74' lang='lat' dir='ltr'><strong>Crescente</strong></span> <span class='ocrx_word' id='word_1_158' title='bbox 509 2691 642 2776; x_wconf 77' lang='lat' dir='ltr'><strong>Cynico,</strong></span> <span class='ocrx_word' id='word_1_159' title='bbox 666 2692 795 2758; x_wconf 88' lang='lat' dir='ltr'><strong>homine</strong></span> <span class='ocrx_word' id='word_1_160' title='bbox 819 2696 948 2760; x_wconf 89' lang='lat' dir='ltr'><strong>nemine</strong></span> <span class='ocrx_word' id='word_1_161' title='bbox 963 2692 1155 2778; x_wconf 80' lang='lat' dir='ltr'><strong>¹philosophi</strong></span> <span class='ocrx_word' id='word_1_162' title='bbox 1176 2695 1228 2756; x_wconf 91' lang='lat' dir='ltr'><strong>iu·</strong></span> 
     </span>
     <span class='ocr_line' id='line_1_23' title="bbox 136 2797 1228 2888; baseline -0.003 -26"><span class='ocrx_word' id='word_1_163' title='bbox 136 2797 250 2884; x_wconf 57' lang='lat' dir='ltr'><strong>dignm</strong></span> <span class='ocrx_word' id='word_1_164' title='bbox 281 2808 447 2862; x_wconf 82' lang='lat' dir='ltr'><strong>aecusatus</strong></span> <span class='ocrx_word' id='word_1_165' title='bbox 465 2797 518 2862; x_wconf 83' lang='lat' dir='ltr'><strong>-ad</strong></span> <span class='ocrx_word' id='word_1_166' title='bbox 540 2799 680 2880; x_wconf 84' lang='lat' dir='ltr'><strong>stipitem</strong></span> <span class='ocrx_word' id='word_1_167' title='bbox 709 2797 858 2883; x_wconf 87' lang='lat' dir='ltr'><strong>affigatur</strong></span> <span class='ocrx_word' id='word_1_168' title='bbox 881 2797 924 2888; x_wconf 86' lang='lat' dir='ltr'><strong>(e.</strong></span> <span class='ocrx_word' id='word_1_169' title='bbox 949 2801 1070 2880; x_wconf 79' lang='lat'><strong>1-4.).</strong></span> <span class='ocrx_word' id='word_1_170' title='bbox 1115 2797 1228 2862; x_wconf 87' lang='lat' dir='ltr'><strong>Ratio·</strong></span> 
     </span>
     <span class='ocr_line' id='line_1_24' title="bbox 136 2899 1229 2986; baseline -0.005 -16"><span class='ocrx_word' id='word_1_171' title='bbox 136 2923 212 2970; x_wconf 82' lang='lat' dir='ltr'><strong>nem</strong></span> <span class='ocrx_word' id='word_1_172' title='bbox 234 2900 351 2966; x_wconf 84' lang='lat' dir='ltr'><strong>deinde</strong></span> <span class='ocrx_word' id='word_1_173' title='bbox 372 2899 494 2982; x_wconf 68' lang='lat' dir='ltr'><strong>reddit,</strong></span> <span class='ocrx_word' id='word_1_174' title='bbox 518 2922 574 2964; x_wconf 90' lang='lat' dir='ltr'><strong>our</strong></span> <span class='ocrx_word' id='word_1_175' title='bbox 597 2899 785 2982; x_wconf 83' lang='lat' dir='ltr'><strong>Christiani,</strong></span> <span class='ocrx_word' id='word_1_176' title='bbox 810 2923 889 2986; x_wconf 89' lang='lat' dir='ltr'><strong>quos</strong></span> <span class='ocrx_word' id='word_1_177' title='bbox 911 2901 1043 2968; x_wconf 85' lang='lat' dir='ltr'><strong>Ethuiei</strong></span> <span class='ocrx_word' id='word_1_178' title='bbox 1064 2923 1122 2984; x_wconf 89' lang='lat' dir='ltr'><strong>per</strong></span> <span class='ocrx_word' id='word_1_179' title='bbox 1143 2899 1229 2967; x_wconf 86' lang='lat' dir='ltr'><strong>ludi-</strong></span> 
     </span>
     <span class='ocr_line' id='line_1_25' title="bbox 135 3005 1232 3092; baseline -0.005 -18"><span class='ocrx_word' id='word_1_180' title='bbox 135 3005 259 3086; x_wconf 85' lang='lat' dir='ltr'><strong>brium,</strong></span> <span class='ocrx_word' id='word_1_181' title='bbox 281 3018 317 3069; x_wconf 89' lang='lat' dir='ltr'><strong>ut</strong></span> <span class='ocrx_word' id='word_1_182' title='bbox 339 3018 475 3070; x_wconf 87' lang='lat' dir='ltr'><strong>mertem</strong></span> <span class='ocrx_word' id='word_1_183' title='bbox 497 3027 556 3070; x_wconf 88' lang='lat' dir='ltr'><strong>sua</strong></span> <span class='ocrx_word' id='word_1_184' title='bbox 578 3005 641 3069; x_wconf 88' lang='lat' dir='ltr'><strong>sibi</strong></span> <span class='ocrx_word' id='word_1_185' title='bbox 663 3028 761 3072; x_wconf 79' lang='lat' dir='ltr'><strong>uranu</strong></span> <span class='ocrx_word' id='word_1_186' title='bbox 783 3007 949 3088; x_wconf 84' lang='lat' dir='ltr'><strong>adferant,</strong></span> <span class='ocrx_word' id='word_1_187' title='bbox 981 3028 1040 3092; x_wconf 82' lang='lat' dir='ltr'><strong>qno</strong></span> <span class='ocrx_word' id='word_1_188' title='bbox 1063 3006 1162 3070; x_wconf 84' lang='lat' dir='ltr'><strong>nitier</strong></span> <span class='ocrx_word' id='word_1_189' title='bbox 1184 3005 1232 3069; x_wconf 85' lang='lat' dir='ltr'><strong>nd</strong></span> 
     </span>
     <span class='ocr_line' id='line_1_26' title="bbox 135 3095 1295 3205; baseline 0 -31"><span class='ocrx_word' id='word_1_190' title='bbox 135 3108 238 3180; x_wconf 78' lang='lat' dir='ltr'><strong>Deum</strong></span> <span class='ocrx_word' id='word_1_191' title='bbox 268 3103 355 3174; x_wconf 78' lang='lat' dir='ltr'><strong>tuum</strong></span> <span class='ocrx_word' id='word_1_192' title='bbox 376 3108 524 3188; x_wconf 68' lang='lat' dir='ltr'><strong>verume,</strong></span> <span class='ocrx_word' id='word_1_193' title='bbox 557 3109 836 3190; x_wconf 70' lang='lat' dir='ltr'><strong>exhorruisset,</strong></span> <span class='ocrx_word' id='word_1_194' title='bbox 860 3111 893 3176; x_wconf 89' lang='lat' dir='ltr'><strong>id</strong></span> <span class='ocrx_word' id='word_1_195' title='bbox 916 3110 1142 3205; x_wconf 71' lang='lat' dir='ltr'><strong>nunfeeiaut;</strong></span> <span class='ocrx_word' id='word_1_196' title='bbox 1173 3131 1231 3174; x_wconf 88' lang='lat' dir='ltr'><strong>eur</strong></span> <span class='ocrx_word' id='word_1_197' title='bbox 1289 3095 1295 3104; x_wconf 64' lang='grc'>’</span> 
     </span>
     <span class='ocr_line' id='line_1_27' title="bbox 37 3207 1231 3298; baseline -0.002 -18"><span class='ocrx_word' id='word_1_198' title='bbox 37 3262 41 3272; x_wconf 80' lang='grc'>.</span> <span class='ocrx_word' id='word_1_199' title='bbox 136 3207 346 3280; x_wconf 85' lang='lat' dir='ltr'><strong>nihilomiuus</strong></span> <span class='ocrx_word' id='word_1_200' title='bbox 375 3215 564 3298; x_wconf 83' lang='lat' dir='ltr'><strong>interrogati</strong></span> <span class='ocrx_word' id='word_1_201' title='bbox 595 3234 670 3278; x_wconf 90' lang='lat' dir='ltr'><strong>num</strong></span> <span class='ocrx_word' id='word_1_202' title='bbox 702 3211 877 3280; x_wconf 84' lang='lat' dir='ltr'><strong>Christiani</strong></span> <span class='ocrx_word' id='word_1_203' title='bbox 909 3227 1037 3294; x_wconf 87' lang='lat' dir='ltr'><strong>essent,</strong></span> <span class='ocrx_word' id='word_1_204' title='bbox 1066 3215 1231 3298; x_wconf 82' lang='lat' dir='ltr'><strong>impavide</strong></span> 
     </span>
     <span class='ocr_line' id='line_1_28' title="bbox 134 3317 1232 3405; baseline -0.001 -22"><span class='ocrx_word' id='word_1_205' title='bbox 134 3317 362 3405; x_wconf 80' lang='lat' dir='ltr'><strong>profiteantur3</strong></span> <span class='ocrx_word' id='word_1_206' title='bbox 391 3318 488 3384; x_wconf 88' lang='lat' dir='ltr'><strong>simul</strong></span> <span class='ocrx_word' id='word_1_207' title='bbox 510 3317 633 3383; x_wconf 86' lang='lat' dir='ltr'><strong>refellit</strong></span> <span class='ocrx_word' id='word_1_208' title='bbox 661 3317 877 3404; x_wconf 81' lang='lat' dir='ltr'><strong>objectionem</strong></span> <span class='ocrx_word' id='word_1_209' title='bbox 901 3317 1089 3398; x_wconf 85' lang='lat' dir='ltr'><strong>Gentilium,</strong></span> <span class='ocrx_word' id='word_1_210' title='bbox 1111 3317 1232 3382; x_wconf 84' lang='lat' dir='ltr'><strong>frustra</strong></span> 
     </span>
     <span class='ocr_line' id='line_1_29' title="bbox 138 3421 1232 3510; baseline -0.002 -22"><span class='ocrx_word' id='word_1_211' title='bbox 138 3421 359 3502; x_wconf 85' lang='lat' dir='ltr'><strong>Christianos,</strong></span> <span class='ocrx_word' id='word_1_212' title='bbox 398 3423 504 3488; x_wconf 87' lang='lat' dir='ltr'><strong>Deum</strong></span> <span class='ocrx_word' id='word_1_213' title='bbox 546 3421 610 3488; x_wconf 88' lang='lat' dir='ltr'><strong>sibi</strong></span> <span class='ocrx_word' id='word_1_214' title='bbox 652 3422 832 3506; x_wconf 87' lang='lat' dir='ltr'><strong>adjutorem</strong></span> <span class='ocrx_word' id='word_1_215' title='bbox 870 3423 1056 3506; x_wconf 71' lang='lat' dir='ltr'><strong>assistere„</strong></span> <span class='ocrx_word' id='word_1_216' title='bbox 1084 3421 1232 3510; x_wconf 79' lang='lat' dir='ltr'><strong>gloriari,</strong></span> 
     </span>
     <span class='ocr_line' id='line_1_30' title="bbox 71 3523 1233 3614; baseline -0.006 -17"><span class='ocrx_word' id='word_1_217' title='bbox 71 3597 74 3610; x_wconf 78' lang='grc'><em>,</em></span> <span class='ocrx_word' id='word_1_218' title='bbox 137 3549 223 3607; x_wconf 72' lang='lat' dir='ltr'><strong>enm⁸</strong></span> <span class='ocrx_word' id='word_1_219' title='bbox 249 3549 305 3592; x_wconf 87' lang='lat' dir='ltr'><strong>eos</strong></span> <span class='ocrx_word' id='word_1_220' title='bbox 345 3527 448 3592; x_wconf 82' lang='lat' dir='ltr'><strong>occidi</strong></span> <span class='ocrx_word' id='word_1_221' title='bbox 486 3531 634 3610; x_wconf 80' lang='lat' dir='ltr'><strong>patiatur.</strong></span> <span class='ocrx_word' id='word_1_222' title='bbox 690 3527 729 3594; x_wconf 89' lang='lat' dir='ltr'><strong>ln</strong></span> <span class='ocrx_word' id='word_1_223' title='bbox 768 3552 830 3614; x_wconf 85' lang='lat' dir='ltr'><strong>qua</strong></span> <span class='ocrx_word' id='word_1_224' title='bbox 867 3529 1061 3594; x_wconf 85' lang='lat' dir='ltr'><strong>refutatione</strong></span> <span class='ocrx_word' id='word_1_225' title='bbox 1099 3540 1133 3592; x_wconf 87' lang='lat' dir='ltr'><strong>et</strong></span> <span class='ocrx_word' id='word_1_226' title='bbox 1163 3523 1233 3592; x_wconf 84' lang='lat' dir='ltr'><strong>Dei</strong></span> 
     </span>
     <span class='ocr_line' id='line_1_31' title="bbox 130 3630 1233 3722; baseline -0.003 -25"><span class='ocrx_word' id='word_1_227' title='bbox 130 3630 294 3714; x_wconf 77' lang='lat' dir='ltr'><strong>justitium</strong></span> <span class='ocrx_word' id='word_1_228' title='bbox 323 3645 356 3696; x_wconf 91' lang='lat' dir='ltr'><strong>et</strong></span> <span class='ocrx_word' id='word_1_229' title='bbox 377 3630 525 3714; x_wconf 77' lang='lat' dir='ltr'><strong>fratrum</strong></span> <span class='ocrx_word' id='word_1_230' title='bbox 552 3633 766 3698; x_wconf 77' lang='lat' dir='ltr'><strong>innocentium</strong></span> <span class='ocrx_word' id='word_1_231' title='bbox 795 3633 970 3698; x_wconf 78' lang='lat' dir='ltr'><strong>defendere</strong></span> <span class='ocrx_word' id='word_1_232' title='bbox 999 3644 1143 3698; x_wconf 86' lang='lat' dir='ltr'><strong>cenatur.</strong></span> <span class='ocrx_word' id='word_1_233' title='bbox 1167 3631 1233 3722; x_wconf 51' lang='lat' dir='ltr'><strong>,Et</strong></span> 
     </span>
     <span class='ocr_line' id='line_1_32' title="bbox 137 3734 1233 3820; baseline -0.002 -20"><span class='ocrx_word' id='word_1_234' title='bbox 137 3734 202 3800; x_wconf 90' lang='lat' dir='ltr'><strong>Dei</strong></span> <span class='ocrx_word' id='word_1_235' title='bbox 230 3737 357 3819; x_wconf 89' lang='lat' dir='ltr'><strong>quidem</strong></span> <span class='ocrx_word' id='word_1_236' title='bbox 381 3739 543 3820; x_wconf 84' lang='lat' dir='ltr'><strong>justitiam</strong></span> <span class='ocrx_word' id='word_1_237' title='bbox 565 3738 611 3802; x_wconf 79' lang='lat' dir='ltr'><strong>rie</strong></span> <span class='ocrx_word' id='word_1_238' title='bbox 639 3736 770 3820; x_wconf 62' lang='lat' dir='ltr'><strong>proban</strong></span> <span class='ocrx_word' id='word_1_239' title='bbox 800 3737 977 3802; x_wconf 87' lang='lat' dir='ltr'><strong>Hominum</strong></span> <span class='ocrx_word' id='word_1_240' title='bbox 1007 3759 1116 3802; x_wconf 86' lang='lat' dir='ltr'><strong>euram</strong></span> <span class='ocrx_word' id='word_1_241' title='bbox 1138 3734 1233 3801; x_wconf 87' lang='lat' dir='ltr'><strong>Deus</strong></span> 
     </span>
     <span class='ocr_line' id='line_1_33' title="bbox 138 3839 1234 3928; baseline -0.005 -22"><span class='ocrx_word' id='word_1_242' title='bbox 138 3839 264 3927; x_wconf 81' lang='lat' dir='ltr'><strong>angelis</strong></span> <span class='ocrx_word' id='word_1_243' title='bbox 291 3843 484 3920; x_wconf 82' lang='lat' dir='ltr'><strong>commissit,</strong></span> <span class='ocrx_word' id='word_1_244' title='bbox 513 3841 570 3906; x_wconf 84' lang='lat' dir='ltr'><strong>sed</strong></span> <span class='ocrx_word' id='word_1_245' title='bbox 592 3843 626 3908; x_wconf 89' lang='lat' dir='ltr'><strong>hi</strong></span> <span class='ocrx_word' id='word_1_246' title='bbox 648 3845 681 3908; x_wconf 92' lang='lat' dir='ltr'><strong>iu</strong></span> <span class='ocrx_word' id='word_1_247' title='bbox 704 3843 783 3906; x_wconf 85' lang='lat' dir='ltr'><strong>vitiu</strong></span> <span class='ocrx_word' id='word_1_248' title='bbox 809 3840 893 3924; x_wconf 82' lang='lat' dir='ltr'><strong>lapsi</strong></span> <span class='ocrx_word' id='word_1_249' title='bbox 922 3842 1047 3928; x_wconf 77' lang='lat' dir='ltr'><strong>flagitia</strong></span> <span class='ocrx_word' id='word_1_250' title='bbox 1069 3853 1102 3906; x_wconf 87' lang='lat' dir='ltr'><strong>et</strong></span> <span class='ocrx_word' id='word_1_251' title='bbox 1122 3842 1234 3924; x_wconf 88' lang='lat' dir='ltr'><strong>perni-</strong></span> 
     </span>
     <span class='ocr_line' id='line_1_34' title="bbox 136 3945 1235 4032; baseline -0.003 -22"><span class='ocrx_word' id='word_1_252' title='bbox 136 3949 219 4010; x_wconf 88' lang='lat' dir='ltr'><strong>eiem</strong></span> <span class='ocrx_word' id='word_1_253' title='bbox 240 3948 277 4009; x_wconf 88' lang='lat' dir='ltr'><strong>in</strong></span> <span class='ocrx_word' id='word_1_254' title='bbox 295 3965 400 4032; x_wconf 83' lang='lat' dir='ltr'><strong>genus</strong></span> <span class='ocrx_word' id='word_1_255' title='bbox 422 3945 598 4027; x_wconf 86' lang='lat' dir='ltr'><strong>humanum</strong></span> <span class='ocrx_word' id='word_1_256' title='bbox 620 3948 896 4018; x_wconf 60' lang='lat' dir='ltr'><strong>disseminarunt„</strong></span> <span class='ocrx_word' id='word_1_257' title='bbox 925 3945 987 4011; x_wconf 87' lang='lat' dir='ltr'><strong>His</strong></span> <span class='ocrx_word' id='word_1_258' title='bbox 1003 3945 1095 4010; x_wconf 87' lang='lat' dir='ltr'><strong>Deus</strong></span> <span class='ocrx_word' id='word_1_259' title='bbox 1116 3957 1235 4028; x_wconf 85' lang='lat' dir='ltr'><strong>poten-</strong></span> 
     </span>
     <span class='ocr_line' id='line_1_35' title="bbox 137 4033 1292 4134; baseline -0.003 -21"><span class='ocrx_word' id='word_1_260' title='bbox 137 4052 296 4116; x_wconf 80' lang='lat' dir='ltr'><strong>tissimum</strong></span> <span class='ocrx_word' id='word_1_261' title='bbox 318 4049 497 4114; x_wconf 88' lang='lat' dir='ltr'><strong>remedium</strong></span> <span class='ocrx_word' id='word_1_262' title='bbox 513 4033 670 4134; x_wconf 85' lang='lat' dir='ltr'><strong>opposuit,</strong></span> <span class='ocrx_word' id='word_1_263' title='bbox 692 4048 813 4117; x_wconf 64' lang='lat' dir='ltr'><strong>felium</strong></span> <span class='ocrx_word' id='word_1_264' title='bbox 834 4071 951 4134; x_wconf 59' lang='lat' dir='ltr'><strong>suum„</strong></span> <span class='ocrx_word' id='word_1_265' title='bbox 967 4049 1099 4113; x_wconf 77' lang='lat' dir='ltr'><strong>Verbere</strong></span> <span class='ocrx_word' id='word_1_266' title='bbox 1119 4049 1233 4112; x_wconf 83' lang='lat' dir='ltr'><strong>ineur—</strong></span> <span class='ocrx_word' id='word_1_267' title='bbox 1283 4113 1292 4120; x_wconf 73' lang='grc'><strong>,</strong></span> 
     </span>
     <span class='ocr_line' id='line_1_36' title="bbox 135 4151 1233 4261; baseline -0.002 -44"><span class='ocrx_word' id='word_1_268' title='bbox 135 4161 254 4217; x_wconf 78' lang='lat' dir='ltr'><strong>rentum.</strong></span> <span class='ocrx_word' id='word_1_269' title='bbox 301 4151 407 4237; x_wconf 87' lang='lat' dir='ltr'><strong>Hujus</strong></span> <span class='ocrx_word' id='word_1_270' title='bbox 430 4169 537 4220; x_wconf 86' lang='lat' dir='ltr'><strong>autem</strong></span> <span class='ocrx_word' id='word_1_271' title='bbox 561 4159 718 4222; x_wconf 85' lang='lat' dir='ltr'><strong>contritae</strong></span> <span class='ocrx_word' id='word_1_272' title='bbox 742 4154 922 4232; x_wconf 74' lang='lat' dir='ltr'><strong>diabolicae</strong></span> <span class='ocrx_word' id='word_1_273' title='bbox 945 4155 1115 4238; x_wconf 84' lang='lat' dir='ltr'><strong>potestatis</strong></span> <span class='ocrx_word' id='word_1_274' title='bbox 1137 4175 1233 4261; x_wconf 81' lang='lat' dir='ltr'><strong>prue-</strong></span> 
     </span>
    </p>
   </div>
   <div class='ocr_carea' id='block_1_6' title="bbox 207 4307 1235 4382">
    <p class='ocr_par' dir='ltr' id='par_1_6' title="bbox 207 4307 1235 4382">
     <span class='ocr_line' id='line_1_37' title="bbox 207 4307 1235 4382; baseline -0.002 -19"><span class='ocrx_word' id='word_1_275' title='bbox 207 4313 236 4374; x_wconf 78' lang='grc'><strong>8)</strong></span> <span class='ocrx_word' id='word_1_276' title='bbox 255 4312 282 4362; x_wconf 91' lang='lat' dir='ltr'><strong>in</strong></span> <span class='ocrx_word' id='word_1_277' title='bbox 294 4310 408 4366; x_wconf 79' lang='lat' dir='ltr'><strong>Praefet.</strong></span> <span class='ocrx_word' id='word_1_278' title='bbox 419 4310 453 4362; x_wconf 79' lang='lat' dir='ltr'><strong>ed</strong></span> <span class='ocrx_word' id='word_1_279' title='bbox 465 4309 526 4366; x_wconf 82' lang='lat' dir='ltr'><strong>edu.</strong></span> <span class='ocrx_word' id='word_1_280' title='bbox 538 4311 608 4382; x_wconf 84' lang='lat' dir='ltr'><strong>Opp.</strong></span> <span class='ocrx_word' id='word_1_281' title='bbox 626 4309 734 4370; x_wconf 67' lang='lat' dir='ltr'><strong>lunas</strong></span> <span class='ocrx_word' id='word_1_282' title='bbox 751 4311 782 4364; x_wconf 82' lang='grc' dir='ltr'><strong>Ρ.</strong></span> <span class='ocrx_word' id='word_1_283' title='bbox 796 4311 844 4368; x_wconf 88' lang='lat'>111.</span> <span class='ocrx_word' id='word_1_284' title='bbox 863 4328 886 4364; x_wconf 84' lang='lat' dir='ltr'><strong>o.</strong></span> <span class='ocrx_word' id='word_1_285' title='bbox 905 4311 947 4378; x_wconf 74' lang='lat' dir='ltr'><strong>V,</strong></span> <span class='ocrx_word' id='word_1_286' title='bbox 966 4325 1007 4364; x_wconf 88' lang='lat' dir='ltr'><strong>nr.</strong></span> <span class='ocrx_word' id='word_1_287' title='bbox 1020 4311 1052 4366; x_wconf 84' lang='lat' dir='ltr'><strong>V.</strong></span> <span class='ocrx_word' id='word_1_288' title='bbox 1064 4327 1090 4380; x_wconf 90' lang='lat' dir='ltr'><strong>p.</strong></span> <span class='ocrx_word' id='word_1_289' title='bbox 1103 4307 1209 4364; x_wconf 61' lang='lat' dir='ltr'><strong>Luxu</strong></span> <span class='ocrx_word' id='word_1_290' title='bbox 1211 4309 1235 4361; x_wconf 88' lang='lat'><strong>1.</strong></span> 
     </span>
    </p>
   </div>
   <div class='ocr_carea' id='block_1_7' title="bbox 0 0 1319 4790">
    <p class='ocr_par' dir='ltr' id='par_1_7' title="bbox 0 0 1319 4790">
     <span class='ocr_line' id='line_1_38' title="bbox 0 0 1319 4790; baseline 0 0"><span class='ocrx_word' id='word_1_291' title='bbox 0 0 1319 4790; x_wconf 95' lang='lat' dir='ltr'><strong> </strong></span> 
     </span>
    </p>
   </div>
  </div>
 </body>
</html>
