2614 4790
298 496 301 504 Ι
355 525 387 596 i)
410 542 463 597 quo
484 533 602 598 umpora
622 525 737 596 acciptur
759 523 804 578 ait.

128 647 154 731 b.
178 652 274 723 186.
317 645 478 740 Dialogus
505 647 702 732 colloquium
729 645 873 710 continet
901 638 1026 728 Epicrt'
1054 591 1127 710 oum

67 748 205 834 nuptm
229 749 377 816 habitam
407 765 440 818 et
468 752 638 818 aluttino
668 743 835 838 postmodo
864 747 970 814 litania
992 749 1127 814 manda-

62 871 120 920 tum.
157 853 310 954 Nonnulli
338 857 467 942 quidem
496 857 707 936 arbitramus,
736 857 771 918 in
793 851 855 918 bao'
885 851 1127 918 elucubratione
1269 853 1271 858 ’

60 963 144 1026 minuo
167 981 277 1025 rarum
304 959 471 1026 bominem
499 983 594 1046 qoam
612 965 816 1046 personatum
836 957 1067 1038 introductum,
1096 969 1130 1022 et

60 1063 197 1151 dialogum
222 1066 332 1129 minna
355 1065 612 1148 extemporalem
640 1083 736 1149 quam
759 1084 804 1127 ex
821 1061 988 1146 propoct'to
1016 1061 1129 1128 elabo-

58 1183 142 1232 ratum
161 1191 242 1235 eoae.
288 1165 412 1236 Verum
434 1169 516 1236 nibil
538 1171 669 1235 omnino
693 1179 755 1247 cot,
777 1165 862 1250 quod
884 1167 951 1232 talo
975 1167 1051 1252 quill
1075 1188 1130 1232 au·

58 1273 179 1356 opicantli
205 1273 304 1339 nobia
331 1277 560 1340 necessitatem
582 1277 738 1357 imponat.
783 1271 944 1361 Dialogua
967 1277 1054 1340 enim
1077 1251 1142 1338 ar)

58 1376 250 1443 tilicioaiorcm
266 1378 526 1444 elaborationem
541 1401 607 1444 non
627 1375 823 1462 praesciam
845 1376 1026 1447 aaxo'entae
1042 1378 1131 1442 enim

57 1481 90 1546 ibi
108 1497 271 1550 occurrunt
294 1486 499 1568 quaestiones
520 1495 657 1568 ropenta
678 1494 787 1548 motae
810 1495 844 1548 ct
866 1485 1028 1571 agitatae;
1053 1492 1131 1566 quot
1191 1498 1198 1522 t

56 1607 197 1654 remoneo
210 1589 400 1672 interrupti,
422 1601 499 1673 quot
521 1588 694 1670 ampliores
710 1589 942 1677 digreamonca,
965 1600 1043 1672 quot
1057 1585 1132 1650 loca

54 1693 139 1758 ninnr
158 1691 220 1759 ribi
234 1689 461 1772 cohaerentia,
484 1705 562 1776 quot
581 1691 725 1760 delectae
747 1687 949 1759 tranuitionia
970 1691 1011 1757 ab
1027 1688 1133 1756 altura

56 1796 87 1860 ol
103 1795 231 1862 alteram
253 1797 415 1862 orationis
436 1799 576 1880 parteml
621 1795 715 1876 Quae
738 1803 848 1865 omnia
863 1819 979 1882 nempe
1001 1799 1036 1860 in
1051 1815 1130 1859 vero

55 1897 191 1986 colloquio
213 1899 292 1966 fieri
319 1899 437 1966 nolent.
480 1899 582 1968 Varia
604 1916 712 1968 autom
734 1916 768 1968 et
789 1925 856 1968 nou
877 1924 952 1968 raro
975 1899 1132 1984 ernpli'ora
1209 1969 1218 1980 ,

56 2000 83 2066 S.
106 2003 300 2090 Scripturae
331 2007 517 2072 testimonia
545 2008 679 2072 totidem
707 2006 909 2092 plemmqua'
926 2003 1035 2070 verbio
1064 2017 1160 2082 tum¹

56 2108 177 2194 appetu
203 2123 338 2194 tamque
351 2105 511 2188 'fideliler
531 2114 631 2177 citata
652 2115 680 2179 ti
702 2111 786 2177 forte
810 2133 850 2176 ea
872 2111 1028 2177 memoria
1046 2107 1133 2172 reci·
1247 2125 1251 2130 ·

57 2223 108 2276 tata
131 2213 230 2280 fuinoe
264 2213 453 2296 addubites,
482 2215 516 2281 id
544 2214 643 2282 facile
672 2214 891 2281 concedimus.
935 2214 1024 2277 Fieri
1047 2213 1135 2276 enim

55 2319 148 2398 potuit,
167 2333 204 2386 ut
226 2341 273 2385 ea
294 2319 456 2400 lucrinus,
480 2341 552 2386 oum
575 2319 771 2406 colloquium
792 2317 879 2384 istud
902 2318 989 2384 domi
1010 2329 1133 2380 retrac-

56 2435 132 2503 taret,
153 2424 277 2509 teripto
299 2423 408 2489 codice
428 2421 572 2489 adhibito
592 2424 688 2509 paulo
712 2425 892 2489 accuratius
912 2421 1134 2504 exscripserit.

55 2521 131 2602 Quae
156 2551 254 2614 quum
277 2531 325 2594 ita
346 2531 428 2610 sint,
456 2527 583 2596 facilius
614 2543 664 2595 cat
691 2527 866 2616 colligere,
897 2549 959 2612 quo
989 2539 1136 2609 tempore

56 2627 182 2721 dialogor
203 2633 340 2700 babitna
362 2647 396 2698 ct
417 2649 631 2720 consquenter
654 2639 752 2700 etiam
773 2633 910 2716 tcriptna
927 2630 1035 2695 fuerit.
1075 2623 1156 2696 Na

56 2739 152 2804 nimm
180 2745 260 2804 ootc
282 2759 405 2804 annum
426 2744 507 2820 1³9,
536 2763 597 2824 quo
626 2761 743 2825 nempe
766 2738 910 2824 priorem
932 2759 1024 2804 auam
1045 2737 1135 2820 Apo·

56 2837 157 2928 logiam
184 2856 386 2910 exaraverat
413 2844 581 2925 Juatinna,
610 2843 692 2910 haec
716 2845 911 2926 ¹disceptatio
941 2861 1005 2906 non
1032 2841 1138 2924 potuit

56 2943 168 3028 baberi,
196 2949 357 3034 qnoniam
378 2950 412 3012 in
434 2951 506 3038 ipao
528 2947 591 3014 boc
612 2947 742 3036 dialogo
765 2947 855 3013 illine
878 2941 1137 3011 defunctoriam

56 3054 218 3136 nentio.‚¹)
265 3051 369 3118 Teate
393 3065 502 3118 uotam
515 3051 654 3117 Eusebio
675 3051 699 3118 l.
714 3052 738 3117 l.
762 3051 846 3117 baec
867 3051 1040 3135 disputatio
1063 3059 1137 3112 acta

57 3169 95 3220 cot
113 3156 254 3242 Ephori,
282 3157 340 3222 ubi
362 3157 397 3222 S.
419 3155 558 3242 Martyr,
585 3169 680 3243 prout
700 3161 770 3242 ipae
798 3155 899 3222 refert
912 3155 962 3238 ⁹),
989 3153 1025 3217 in
1046 3148 1138 3214 xisto·

55 3259 154 3342 patei
180 3263 220 3345 (i.
239 3283 277 3326 e.
300 3263 335 3327 in
358 3262 556 3347 amplissima
581 3265 706 3348 portion
726 3261 871 3347 publica)
899 3281 995 3326 mane
1024 3256 1137 3324 ambu-

55 3359 115 3429 lant
134 3389 206 3432 cnm
219 3363 398 3451 Tryphone
421 3367 558 3452 aliiaqna
581 3389 654 3432 oum
676 3365 907 3432 comitantibus
928 3374 1137 3429 convenerat.

58 3463 126 3536 com
145 3473 245 3558 igitur
267 3469 430 3537 Jmtioum
450 3493 514 3536 ooo
534 3470 632 3535 molto
648 3481 725 3554 port
746 3493 842 3558 qoam
857 3469 1051 3556 Apologiam
1071 3469 1136 3552 pri·

57 3591 127 3638 narn
146 3573 312 3641 morano
333 3573 392 3640 Pto
413 3576 540 3658 obtulit,
564 3599 609 3643 ex
629 3576 711 3644 urbe
727 3577 832 3646 Roma
853 3571 1049 3662 aliquamdiu
1071 3571 1137 3638 dia·

57 3681 161 3745 utine
190 3693 227 3746 ct
247 3681 284 3745 in
305 3679 419 3747 Atriam
439 3703 605 3748 reversum
634 3703 707 3748 arae
736 3681 831 3749 nobia
854 3677 1060 3780 exploratum
1081 3677 1137 3756 ait,

58 3783 269 3866 tensionibus,
299 3783 476 3875 Dialogom
504 3785 650 3853 habiturn
673 3809 747 3854 auae
769 3804 871 3852 nono
893 3790 957 3852 140
977 3779 1033 3847 rcl
1056 3799 1136 3865 pro·

114 4103 142 4165 t)
156 4101 309 4174 Dialogva
327 4101 470 4176 nrypnm
487 4117 511 4160 e.
531 4107 582 4160 tto
598 4103 629 4160 in
644 4102 699 4174 in..
717 4119 744 4175 p.
761 4107 822 4158 m.
934 4141 938 4158 .
1051 4113 1054 4120 ’

114 4205 225 4270 tlibid.
243 4221 267 4260 e.
286 4213 310 4274 t,
327 4223 355 4277 p.
376 4211 434 4262 tte.

78 4319 439 4382 mumma-li.
