2710 4802
563 264 776 380 „ppp-

116 479 275 568 meent,
294 483 424 560 uliud
453 483 568 559 ordine
597 483 774 572 digessisse
804 496 849 563 et
867 485 997 572 adicem
1028 487 1168 571 exordio
1189 503 1226 563 ct

46 657 52 679 .
118 585 248 679 epilego
274 591 313 676 in
340 610 495 677 graecum
527 589 691 674 eloquium
722 589 942 661 elucubrasse.
986 591 1225 682 Verumtamen

116 705 286 778 warenne
320 694 409 778 illinc
442 695 666 774 ¹altercationis
701 698 929 764 recensionem
962 710 1029 766 torn
1062 701 1224 784 syriacam

117 819 212 884 quan
227 821 399 896 grauem,
421 805 570 886 exceptis
591 802 646 882 iis,
668 823 752 886 quae
775 799 837 866 SS.
862 800 1005 886 cyrillus
1028 803 1223 888 Hierosoly,

93 905 276 996 ‘niteam
299 903 520 990 Epiphanius,
551 903 610 974 elii
631 907 812 979 raemoriae
840 919 971 974 numne
1000 921 1222 993 mutuent,

116 1009 329 1098 fragmentis,
350 1012 424 1096 jara
445 1011 501 1079 din
522 1013 583 1076 riri
607 1011 725 1086 eruditi
746 1023 902 1096 tauquam
922 1013 1046 1097 injuria
1067 1017 1222 1098 temporit

115 1113 318 1200 deperditam
330 1113 499 1202 lugebant,
520 1116 699 1200 usquedum
714 1117 763 1182 vir
778 1115 977 1183 clarissimus
1000 1117 1106 1184 Laut.
1121 1117 1221 1184 ater.

89 1243 91 1253 ’
118 1217 149 1284 Z
156 1219 397 1308 occupatos,
427 1217 856 1310 ,Vatieauaebibliothecne
877 1205 1061 1306 praefectus
1082 1225 1118 1288 in
1139 1221 1219 1288 toti-
1341 1245 1342 1248 ¹

115 1328 206 1388 crescex
222 1336 256 1389 et
286 1327 373 1392 satia.
400 1327 569 1410 antiquum
601 1324 741 1390 codicem
764 1324 966 1392 Corinenses
988 1327 1133 1406 incidit,
1165 1330 1239 1419 qui·
1341 1349 1342 1428 ξ

116 1431 261 1518 integras
282 1429 439 1498 Archelai
469 1449 543 1496 cum
564 1427 700 1496 Munete
730 1429 977 1514 disputationes,
999 1434 1079 1497 item
1101 1430 1218 1498 Mune-

115 1537 158 1602 tir
181 1536 223 1602 ati
244 1533 439 1602 Marcellum
463 1545 496 1598 et
525 1532 662 1600 Diodori
689 1535 732 1600 ad
754 1535 952 1604 Archelaum
975 1536 1134 1620 epistolas
1154 1559 1218 1604 una

108 1655 189 1707 'euru
211 1640 365 1708 Archelai
396 1639 439 1706 ed
469 1638 609 1716 eundem
638 1642 848 1724 responsoria
879 1644 1044 1721 continet,
1075 1663 1115 1707 ac
1136 1663 1217 1706 nnn·

114 1745 208 1814 nulle
237 1747 278 1811 de
307 1745 442 1830 reliquia
473 1743 725 1810 haeresiarchae
755 1757 789 1809 et
821 1747 983 1811 sociorum
1015 1745 1094 1812 lutis
1128 1747 1218 1830 quari

36 1829 43 1847 ⁸
115 1851 303 1935 appendicia
325 1849 398 1916 loce
421 1847 527 1914 relatu
550 1847 697 1914 exhibet.
742 1848 851 1934 Hujus
874 1849 889 1913 l
894 1849 1034 1916 atinae
1055 1849 1218 1936 iuterpre-

114 1953 250 2020 iotiemic
272 1959 387 2018 auctor
416 1953 545 2038 quidem
573 1955 717 2020 incertus
739 1967 809 2030 ectr
839 1955 899 2020 aad
919 1975 1071 2042 graecam
1084 1959 1218 2024 meraio-
1261 1935 1267 1952 ⁸

115 2077 204 2140 nent,
227 2078 293 2124 nou
315 2069 444 2124 textum
465 2061 627 2142 syriacum
658 2061 719 2142 ipsi
750 2059 792 2124 nd
813 2081 928 2128 manua
951 2059 1054 2126 fuisse
1076 2083 1123 2126 ex
1146 2063 1218 2127 uni-

113 2171 210 2231 ve'rru
247 2165 318 2248 ejus
354 2162 546 2244 locutione,
591 2185 675 2248 quse
717 2160 858 2250 grd'eccm
902 2163 1036 2251 liuguae
1072 2165 1220 2231 indolata

113 2264 309 2358 geniumque
339 2269 485 2350 redolet,
516 2270 597 2336 satia
627 2267 877 2336 demonstratur.
922 2268 975 2336 De
998 2277 1140 2354 tempore
1161 2293 1218 2336 eu·

113 2385 207 2460 tarn,
245 2397 307 2460 qun
344 2373 427 2441 hnec
463 2373 568 2440 latina
600 2373 770 2468 musletio
804 2375 985 2460 prodierit,
1023 2375 1057 2442 id
1094 2389 1220 2442 tautum

112 2501 249 2545 monere
285 2479 425 2560 sufficit,
464 2499 536 2546 eam
552 2481 641 2565 'poti
677 2479 915 2564 Hieronymum
951 2479 1081 2556 demum
1116 2481 1219 2548 fuisse

114 2595 304 2666 exaratam,
335 2585 480 2668 alioquin
511 2582 546 2648 8.
570 2583 704 2649 Ductor·
725 2607 790 2651 non
812 2585 910 2651 facile
941 2605 1015 2650 earn
1043 2589 1219 2662 tacuisset3

114 2702 222 2756 temen
252 2689 344 2756 illurn
373 2692 445 2775 jem
475 2697 554 2754 cote
581 2692 753 2774 septimum
782 2689 928 2756 seculum
957 2692 998 2754 iu¹
1014 2687 1121 2755 lucam
1136 2681 1219 2774 'pro-

112 2793 212 2862 diisse
236 2816 282 2860 ex
304 2815 345 2861 eo
367 2793 550 2882 colligitur,
581 2794 667 2880 quod
694 2793 817 2862 latinus
838 2798 1000 2879 interpres
1022 2799 1057 2860 iu
1079 2794 1218 2862 lauduu-

113 2903 163 2968 dia
185 2900 222 2968 8.
246 2901 433 2986 Scripturas
454 2901 537 2968 locis
559 2899 724 2988 vulgatam
747 2899 930 2992 Bibliornup
952 2899 1152 2982 editionem,
1176 2901 1218 2967 ab

110 3002 175 3075 lroc
204 3008 281 3074 iude
310 3007 423 3074 seculo
444 3010 480 3074 in
503 3007 683 3075 Occidente
712 3007 834 3089 pruritu
864 3017 1045 3090 receptam,
1063 3007 1217 3072 noudum

110 3125 275 3200 sequntur.
297 3149 342 3162 -
363 3113 419 3180 Ex
440 3113 504 3179 hoc
525 3113 624 3201 igitur
646 3109 767 3178 codicia
791 3109 984 3177 Catinensis
1017 3111 1216 3198 apographo,

112 3219 199 3306 quod
220 3215 344 3284 Romae
366 3221 401 3296 in
423 3217 585 3286 Vaticana
613 3205 814 3282 biblioth‘eca
843 3229 1009 3294 emantur,
1043 3212 1127 3282 dcta
1149 3217 1214 3283 dia·
1341 3243 1342 3250 ¹

111 3325 288 3420 putationis
323 3323 479 3392 Archelai
517 3345 588 3389 cnm
625 3319 765 3398 Meneta
800 3320 843 3385 L.
879 3321 923 3385 Α.
961 3319 1219 3408 Zaccagmiur

110 3426 265 3494 brevibus
287 3430 374 3494 notis
396 3431 571 3509 instructa,
604 3440 638 3492 et
665 3427 722 3493 ubi
751 3447 809 3510 per
837 3427 1004 3514 ingenium
1034 3439 1103 3495 tuto
1125 3425 1219 3493 licuit

112 3533 303 3615 emendate,
334 3533 457 3620 publici
481 3535 567 3618 juria
595 3533 673 3599 iecit
701 3533 735 3598 in
766 3551 864 3618 opere
894 3551 972 3612 sno,
1002 3533 1054 3596 cui
1084 3531 1216 3598 titulun:
1341 3525 1342 3536 ’

113 3632 318 3704 collectanea
348 3641 610 3704 monumentorum
638 3645 779 3701 ceterum
807 3633 978 3702 Ecclesiae
1006 3657 1147 3724 graecae
1178 3659 1217 3702 ac

110 3745 255 3826 latinae,
289 3766 372 3831 quac
404 3733 563 3810 hacteuus
591 3745 627 3810 in
655 3739 816 3808 Vaticana
845 3739 1046 3840 bibliotheca
1075 3741 1216 3828 delitue-

110 3863 205 3934 runt,
235 3873 255 3915 e
284 3851 412 3934 scriptia
436 3846 610 3916 Codicibua
641 3869 726 3914 nunc
754 3849 892 3934 primurn
914 3845 1021 3926 edita,
1054 3843 1137 3912 'nl
1166 3848 1218 3933 (et

109 3956 252 4038 unicus),
277 3955 401 4020 Romae
426 3959 522 4020 1698.
543 3963 577 4021 4.
622 3951 710 4020 Hinc
732 3953 848 4018 cadero
869 3953 953 4033 Acta
975 3973 1048 4019 curu
1070 3951 1216 4041 Zuwag-

102 4061 159 4130 'nii
187 4057 429 4148 prolegomenis
458 4058 596 4142 aliisque
626 4058 669 4124 nd
696 4079 766 4123 rem
802 4055 1038 4142 pertinentibus
1074 4057 1216 4144 adjectis

111 4169 263 4238 abierunt
290 4167 325 4232 in
356 4164 410 4232 Jo.
432 4161 509 4248 Aio,
530 4160 683 4232 Fabricii
712 4161 890 4233 editionem
924 4161 1005 4252 Opp.
1030 4163 1065 4230 S.
1088 4155 1215 4248 Hippo-

110 4273 174 4358 lpti
203 4274 285 4360 spic.
315 4283 351 4340 et
371 4281 467 4338 rnurt.
499 4267 695 4358 (neuburg.
720 4273 817 4354 lm·
841 4275 894 4358 19.
916 4268 961 4341 11.
983 4267 1023 4354 i.)
1052 4265 1095 4336 Τ.
1116 4263 1160 4336 Π.
1180 4291 1215 4355 p.

606 4561 745 4639 ..ι
