2598 4786
67 556 145 612 reses,
173 536 334 620 praecipue
364 533 646 610 Valentiniauam;
682 531 903 628 Apollinaris,
932 529 1115 611 Miltiades,

66 637 322 724 istamcontra
351 639 579 706 Montauistas.
602 675 646 688 -
688 639 790 704 Porro
814 640 885 722 jam
912 639 947 701 iu
977 659 1016 702 eo
1038 654 1114 703 cee-

64 758 151 828 peruot
169 767 290 828 operam
307 745 474 812 collacare
495 743 626 826 Patres,
656 756 691 810 ut
709 741 895 828 Scripturas
921 754 1030 808 sacras
1053 763 1114 838 exe

62 849 200 932 plicareut,
225 872 261 915 ac
283 854 427 916 maxime
456 851 554 932 locis,
584 872 667 936 quae
694 846 887 915 videbantur
916 849 1114 928 obscuriora,

63 953 141 1018 lucem
159 954 323 1036 adferrem,
347 971 403 1022 aut
426 959 523 1020 etiam
545 975 663 1040 pravas
686 953 935 1019 Haereticorum
957 957 1115 1037 interpre-

62 1061 169 1124 tationes
191 1059 376 1126 refutarem.
423 1060 529 1144 Hujus
558 1062 688 1148 generis
711 1057 874 1141 scripto
897 1059 1115 1143 exegetica

61 1161 219 1247 reliqoemut
239 1161 445 1246 Heraclitus,
462 1163 645 1242 Candidus,
668 1161 807 1248 Appios,
830 1162 947 1244 Jooas,
969 1162 1115 1242 Rhodon,

61 1266 213 1334 Pootororr.
237 1308 276 1352 ··.
321 1269 392 1338 Nee
415 1271 586 1338 defuerunt
608 1271 670 1350 hoc
692 1269 803 1336 seculo
827 1269 968 1366 seeundo
991 1267 1115 1332 listo-
1152 1329 1153 1334 ,

60 1371 126 1436 rico
148 1375 292 1458 quaedam
321 1391 549 1456 monumenta,
580 1400 609 1441 e.
632 1399 682 1464 gr.
704 1374 849 1440 Plriloot't
876 1383 908 1440 et
929 1371 1115 1462 Agathopo-

61 1477 96 1538 lis
112 1479 178 1544 ieta
198 1485 339 1565 martyrii
364 1481 399 1546 S.
416 1481 546 1569 ignatii,
568 1481 738 1548 Ecclesiae
752 1479 953 1563 Soproeosis
968 1479 1116 1564 Epistola

60 1582 87 1646 de
104 1587 234 1670 mauydo
248 1585 435 1672 Polycarpi,
459 1586 525 1652 alia
540 1585 764 1672 Legionem
778 1585 950 1653 Ecclesiae
973 1586 1013 1649 de
1029 1585 1115 1650 Pbo-

62 1689 115 1768 tioi,
133 1688 299 1756 blandinae
325 1691 525 1776 aliorumque
549 1707 722 1776 martyrum
745 1691 836 1758 Actis
860 1703 938 1782 etcr
969 1691 1115 1776 inprimis

62 1815 114 1858 reto
140 1793 312 1882 Hegesippi
342 1796 572 1862 Memorabilia
607 1798 842 1864 ecclesiastica.
871 1831 915 1844 -
965 1797 1114 1878 Denique

64 1897 194 1982 catholica,
222 1923 283 1984 quo
308 1905 414 1988 magis
444 1901 484 1968 ab
508 1903 692 1968 Haereticis
712 1902 934 1986 premebatur,
953 1899 1116 1966 lEcclesia

67 2022 93 2064 ro
112 2004 260 2084 studiosius
295 2009 458 2072 unitatem
486 2030 618 2074 suorum
652 2005 799 2072 fidelium
833 2027 1044 2090 eouservare,
1082 2015 1116 2068 et

69 2107 125 2170 eirca
138 2109 329 2194 disciplinam
354 2135 495 2196 quoque,
524 2112 677 2198 quidquid
699 2113 916 2176 contentionis
939 2123 971 2174 et
994 2110 1115 2172 discor·
1140 2169 1145 2179 ,
1239 2108 1246 2124 “

67 2209 114 2273 liar
133 2231 230 2280 ausam
252 2217 402 2296 dederit,
433 2229 600 2282 removere
623 2216 811 2308 canebatur.
856 2214 942 2282 Nota
965 2226 1014 2278 est
1037 2233 1115 2276 con·

62 2321 174 2382 trorersia
194 2320 233 2383 de
256 2335 407 2403 tempore
430 2320 615 2386 celebrandi
636 2319 824 2400 Rreclatis5
847 2326 937 2405 cujus
955 2321 1002 2382 rei
1018 2337 1115 2382 causa

57 2421 168 2498 permulti
195 2409 421 2492 Ecclesiamm
450 2425 616 2510 praesules
640 2424 802 2510 Epistulas
829 2423 1010 2507 encyclicas
1034 2423 1113 2486 emi·

55 2541 143 2604 seruet,
163 2528 246 2594 relat
259 2529 396 2610 Melite,
409 2527 608 2614 Polycrates,
632 2530 771 2610 Poleour,
793 2515 996 2610 Bacchyllor,
1016 2523 1112 2593 Theo-

51 2627 140 2708 plilss,
163 2629 479 2714 Victor‚1remeos.
524 2637 660 2704 Aliivad
683 2633 767 2705 alius
795 2633 951 2700 ecclesias
982 2645 1037 2718 aut
1059 2653 1112 2699 ea·

54 2730 185 2804 olesiamm
206 2741 373 2806 antistites
396 2739 508 2806 literas
530 2741 700 2822 dederunt,
724 2740 837 2824 quibus
860 2739 1057 2814 horroorur.,·
1076 2749 1113 2820 up

52 2842 166 2926 gregibus
186 2843 246 2910 sibi
268 2847 453 2910 commissis
468 2847 658 2938 adteadaot,
682 2845 861 2928 depositum
878 2842 955 2906 fidei
972 2839 1111 2926 diligen·
1133 2833 1137 2848 “
1202 2835 1213 2856 “

53 2955 86 3006 ter
98 2949 272 3030 custodiant,
297 2950 338 3014 ab
363 2949 546 3016 Haereticis
569 2961 717 3030 caveant,
740 2950 874 3014 unitatis
890 2959 922 3011 et
936 2946 1024 3028 prucis
1040 2945 1111 3009 via·

53 3047 292 3128 sarmasiacum
323 3058 370 3120 sic
392 3053 488 3120 Soter
510 3053 689 3132 llooroom,
717 3049 891 3133 Diorsysr'er
921 3045 1110 3128 Coriotbr'er,
1142 3123 1145 3131 Ι

53 3146 153 3235 Papio
170 3157 330 3238 (laomim,
348 3160 415 3224 alii.
429 3197 473 3209 —
504 3161 570 3225 Sed
584 3159 808 3242 plerorumque
824 3155 955 3224 illorum
970 3155 1110 3226 virorum

23 3345 25 3352 γ
52 3253 117 3322 libris
135 3268 282 3346 temporis
305 3265 424 3348 injuria
446 3266 528 3330 adeo
552 3287 617 3330 nou
639 3265 774 3346 peperit,
798 3275 832 3326 ot
854 3258 906 3325 vel
922 3263 1043 3321 omrriuo
1059 3253 1109 3318 ηἰ-

52 3355 90 3436 lib
107 3363 150 3429 rel
173 3372 294 3455 exigua
318 3381 440 3461 tautum
464 3367 548 3436 uu'uc
571 3369 664 3434 uobis
687 3365 890 3452 suppeditent
906 3359 1109 3447 fragoreola,

53 3458 123 3530 Pauci
142 3471 310 3537 aluredum
333 3487 425 3552 suut,
455 3495 589 3558 quorum
611 3473 727 3538 saltem
751 3469 907 3536 nonnulla
931 3489 1046 3550 opera,
1078 3480 1111 3531 et
1142 3467 1149 3480 ⁸
1180 3507 1185 3522 ι

53 3572 205 3652 tequidem
228 3593 319 3642 certo
342 3581 495 3664 germina,
518 3591 709 3654 conservata
731 3589 816 3655 suot,
841 3595 956 3653 nempe
979 3570 1108 3635 Jorti-

53 3688 108 3750 tlt,
129 3673 332 3760 Tutienses,
356 3679 653 3768 Athenagorae,
681 3673 1108 3764 TheophilutAutt'ocle·

51 3777 294 3864 neaemias,
318 3781 522 3850 irenacei.
557 3787 723 3855 Accedunt
739 3781 981 3866 aliquotAclo
997 3777 1107 3844 Mor·
1142 3767 1146 3774 ¹

53 3885 163 3964 litter,
184 3889 305 3974 absque
328 3889 425 3955 dubio
448 3890 585 3956 ancora.
