2614 4790
674 293 747 362 128

165 506 263 588 abiit,
285 521 380 592 atque
401 529 500 574 unum
523 506 733 587 maltorum,
755 509 842 574 viror
865 521 974 574 cetera
996 507 1160 590 chrouror,
1179 523 1243 593 port

93 613 102 628 '
165 635 202 678 ro
217 615 328 678 traxit.
374 603 490 678 Sedie
513 634 584 678 corn
608 613 743 679 aureolis
765 616 831 678 noia
854 611 894 676 ah
911 611 986 679 Alb.
1009 607 1116 691 Ferte,
1138 612 1242 679 Gottfr.

172 717 347 804 Wagnero,
370 719 448 782 Ern.
474 704 646 801 Cypriane,
668 719 783 784 Frane.
807 715 961 782 Buddueo
982 718 1096 781 merito
1119 719 1243 803 caatiga·

167 835 233 888 tur·
248 835 308 888 eat.
352 822 444 910 Adeo
476 824 582 900 enim,
611 806 693 904 qnae
720 825 783 886 iste
806 823 961 901 edrtrnit,
991 819 1096 886 lntilia
1124 835 1194 888 runt
1213 843 1246 884 ee

167 926 291 992 nulline
304 929 470 1006 momenti,
493 939 529 990 ιιι
550 948 591 990 ea
612 947 717 1009 neque
739 939 852 990 noatre
874 926 1133 992 consideratione
1153 945 1246 1007 neque
1295 987 1296 992 ,

166 1031 363 1096 refutatione
394 1031 493 1116 digno
522 1051 723 1095 censeamur.
767 1029 881 1094 Aliam·
899 1043 933 1094 et
955 1051 1028 1096 eane
1049 1029 1175 1116 quidem
1194 1031 1246 1093 rni-

168 1157 230 1200 ιιιιι
252 1135 519 1202 contemnendam
542 1132 766 1200 difficultatem
790 1138 947 1202 excitavit
963 1137 1014 1202 Jo.
1037 1133 1246 1212 Wetttteoiec

168 1239 363 1320 observans,
391 1239 476 1324 qood
499 1253 611 1305 eootor
632 1237 766 1325 Dialogi
788 1239 821 1304 in
844 1238 885 1306 V.
910 1239 952 1306 Τ.
975 1239 1057 1304 loeir
1080 1238 1247 1324 allegandis

168 1367 234 1410 non
256 1357 363 1410 ntettrr
383 1347 537 1410 terrione
558 1342 659 1407 LXX
675 1341 901 1426 interpretum,
923 1345 982 1410 sed
1004 1345 1108 1431 magio
1129 1343 1248 1408 accedat

167 1449 210 1516 ad
232 1448 382 1534 origene
403 1449 576 1533 Hexaple,
605 1463 657 1514 et
641 1447 759 1514 aliern
780 1466 891 1512 rnreua
913 1452 1018 1531 (patet
1041 1447 1247 1540 Symmachia-

44 1573 46 1580 ·
168 1553 289 1634 nam)'
280 1575 314 1618 ιιι
328 1552 470 1620 Daniele
494 1553 679 1619 adhibuisse
701 1553 847 1618 videatur
860 1555 1057 1618 versionem.
1071 1554 1104 1634 ⁴·)
1139 1551 1248 1618 Veron

167 1655 253 1722 hane
275 1655 514 1724 anachronismi
535 1659 752 1741 suspicionem
773 1657 875 1722 Andr.
902 1655 1100 1722 Gellandr'ut
1115 1659 1145 1736 ⁵)
1166 1677 1248 1742 egre·

168 1763 222 1848 gie
245 1763 407 1841 exorauit,
437 1776 472 1827 ut
493 1761 574 1827 nihil
597 1763 728 1825 omnino
750 1763 817 1840 ιὶι,Ι
833 1760 917 1844 quod
939 1763 1011 1844 ejua
1034 1761 1179 1826 vindiciis
1200 1760 1248 1824 ad·

169 1867 293 1932 demun.
337 1864 449 1950 Neque
464 1866 611 1952 longiore
626 1865 821 1930 refutatione
836 1857 923 1948 ¹opuo
946 1868 1007 1930 erit
1024 1865 1174 1930 advocent
1190 1874 1249 1942 ece,

169 1973 223 2058 qui
243 1969 386 2054 mutilent
408 1969 493 2034 hanc
515 1950 760 2034 altercationem
782 1967 824 2032 ad
846 1991 906 2033 noe
927 1973 1061 2061 veniere
1084 1980 1248 2035 ιιιιιιιιιιιιι.

171 2073 304 2152 Scilicet
324 2073 359 2140 i'n
382 2075 537 2160 ejusmodi
555 2077 771 2158 euepioionem
788 2073 914 2138 adducti
930 2087 1004 2139 ιιιιιι
1020 2073 1179 2154 nonnulli,
1201 2095 1249 2138 eo·

169 2179 296 2262 qoodo
316 2184 358 2247 78
379 2193 413 2246 et
434 2180 514 2246 alibi
537 2178 701 2300 dialogum
723 2199 780 2260 per
802 2175 928 2240 aaron
951 2199 1023 2243 eane
1040 2181 1250 2244 continuatum

169 2283 339 2362 indicatur,
362 2287 437 2368 quin
460 2298 568 2349 temen
590 2285 718 2366 inipso
740 2281 823 2348 libro
847 2284 908 2360 (uti
931 2303 1016 2346 nuno
1031 2285 1139 2366 extat)
1158 2281 1251 2348 udum

169 2387 412 2482 interruptionis
447 2391 617 2476 vestigium
653 2385 864 2452 animadverti
892 2389 1004 2469 poerit.
1055 2373 1136 2454 Inde
1162 2390 1252 2474 igitur

129 2537 131 2540 -
170 2473 396 2574 conjeoe'rnnt,
419 2491 519 2557 finem
541 2491 695 2576 colloquii
717 2493 811 2574 primi
833 2490 910 2555 diei
924 2505 957 2556 et
978 2493 1107 2556 initium
1129 2489 1253 2556 recondi

170 2598 205 2660 in
227 2599 344 2662 nostrie
367 2597 561 2664 editionibus
583 2594 777 2668 desiderat-h
801 2608 834 2659 et
858 2593 1029 2660 Gradiur'
1019 2617 1055 2660 ιιι
1079 2595 1252 2681 Specilegio

170 2699 299 2765 Petram
329 2699 389 2766 hae
418 2701 551 2768 laeuone
579 2704 628 2784 (ut
649 2698 765 2762 eibi·
735 2721 839 2764 vnum
862 2703 924 2786 ert)
952 2705 1126 2768 sententiis
1147 2701 1254 2786 partim

170 2825 227 2888 pro
256 2823 314 2870 auo
344 2805 501 2870 arbitratu
529 2805 666 2884 additia,
697 2807 814 2887 pertin
842 2826 888 2873 ex
916 2805 1044 2872 Jottmte
1064 2806 1275 2886 Donarem,

170 2911 315 2993 repetitio
346 2909 481 2993 explere
511 2919 644 2978 conatur
675 2923 742 2986 eet,
772 2912 829 2982 ee'd
851 2933 985 2994 vereor,
1016 2934 1059 2978 oe
1082 2893 1132 2977 dir
1154 2911 1255 2976 doctor

172 3035 303 3096 operam
329 3014 513 3098 perdiderit.
558 3017 688 3082 Etenim
715 3019 744 3082 ai
775 3018 920 3084 ordinem
949 3039 987 3097 ao
1015 3019 1136 3083 seriem
1157 3013 1254 3080 conai-

172 3117 333 3198 deremne,
356 3141 451 3203 quern
474 3118 508 3183 S.
526 3119 670 3186 Juatinna
691 3123 725 3185 in
750 3123 897 3187 omnihna
920 3124 1120 3208 argumentis
1136 3119 1256 3202 diapen-

171 3221 281 3288 aendia
309 3225 466 3306 requitur,
495 3226 634 3290 arnieaee
665 3225 786 3312 dialogi
814 3229 913 3310 partie
942 3225 1106 3291 desiderio
1137 3223 1256 3288 modom

172 3347 338 3410 ponemus.
383 3327 492 3390 Satine
522 3308 656 3394 duxisse
686 3329 814 3394 videtur
841 3329 877 3396 S.
907 3327 1032 3412 Martyr-
1061 3329 1172 3393 omnin
1198 3344 1257 3390 une

173 3430 347 3514 eademque
385 3431 470 3494 cerie
507 3433 800 3534 comprehendere,
836 3456 933 3520 quum
963 3445 1114 3498 accurate
1152 3432 1258 3498 distin·

171 3555 289 3622 gnere,
312 3536 387 3618 quid
408 3538 528 3620 primo,
551 3538 626 3622 quid
648 3539 788 3606 secundo
813 3540 864 3604 die
888 3539 1085 3630 disputatum
1107 3539 1162 3604 sit.
1204 3533 1259 3599 Dl-

172 3641 289 3704 eertiua
317 3637 401 3705 hane
429 3661 499 3704 rem
529 3645 665 3726 exponit
695 3640 873 3722 Maroneo,
908 3643 1130 3726 integritatem
1160 3638 1260 3740 operia

92 3821 94 3830 Ι
172 3765 230 3826 pro
252 3741 372 3808 viribna
395 3743 573 3810 defendens
583 3749 628 3830 ⁶),
651 3751 742 3846 cujus
765 3749 962 3834 argumentis
978 3748 1179 3812 recentiore·
1196 3741 1261 3826 ple·

173 3848 264 3930 rique
286 3851 524 3931 acquieverunt.

175 3966 382 3984 Ι--ι-ιὰι

168 4025 175 4044 ’
240 4023 270 4083 t)
289 4005 357 4076 Nol.
376 4023 450 4080 l'ert.
468 4041 555 4096 graec.
576 4025 649 4088 (llel.
669 4025 744 4080 true.
762 4027 801 4090 t.)
820 4026 846 4078 in
860 4024 993 4096 Prolegg.
1012 4039 1035 4079 e.
1054 4027 1080 4080 Β.
1100 4039 1126 4094 p.
1145 4023 1188 4076 ot.

242 4111 271 4174 τι)
290 4109 413 4182 Biblioth.
430 4108 478 4164 SS.
496 4111 551 4164 PP.
570 4111 602 4164 Τ.
622 4113 643 4166 1.
661 4111 788 4184 Prolegg.
807 4131 832 4183 p.
851 4111 990 4167 LXXXV.
1009 4128 1051 4180 aq.
1173 4167 1175 4178 ,

241 4197 274 4260 d)
292 4195 424 4250 indrutini
437 4195 505 4266 Opp.
521 4195 575 4262 (ed.
588 4199 697 4264 venet.)
715 4199 829 4254 Praelat.
848 4199 880 4253 P.
894 4197 942 4254 tlt
960 4213 984 4252 c.
1002 4197 1061 4252 vlt.
1073 4211 1100 4265 p.
1113 4185 1264 4250 mxxxvi.

92 4353 95 4358 ,
174 4279 215 4348 n.
245 4287 332 4378 ¹7⁴·
430 4340 435 4346 .
