2614 4790
584 309 594 316 ·
628 278 632 289 ’
688 281 773 351 180·

270 356 281 390 Ι
620 371 830 393 -ι-ι-

186 551 189 558 ·
298 504 335 580 b.
375 471 493 578 Lilier
519 500 568 576 de
594 502 872 577 resurrectione
905 514 1148 578 mortuorum.

184 683 237 725 ao.
266 655 532 746 Disquirc'tio
545 656 589 720 de
609 655 874 742 genu-initote
895 654 1005 720 libri
1028 663 1065 719 et
1086 662 1250 763 tenpore.

170 765 176 778 ⁶
269 778 296 866 5
321 789 415 856 m.
459 779 532 864 lpse
560 777 805 865 Athenagoras,
833 779 889 846 ubi
913 777 1164 844 Chnstionornn
1188 755 1251 846 doe·

183 887 300 984 trinam
323 883 362 948 de
385 881 655 949 resurrectionem
678 895 922 962 commemorat,
947 881 1052 962 addit,
1075 903 1139 946 esse
1158 903 1252 966 ruper-

182 1009 371 1068 vacaneum,
393 987 687 1074 inpraesentiarum
710 986 950 1070 denorsstrare,
967 987 1043 1070 quid
1070 988 1197 1065 sentiet,
1222 1007 1254 1050 ne

178 1093 365 1180 propositae
386 1091 526 1156 orationi
547 1091 708 1156 alienas
693 1110 836 1154 emerere
857 1089 1089 1176 <imputationes
1109 1091 1253 1168 tridentum·

184 1198 290 1265 ..ted
302 1197 381 1264 ineo
394 1197 435 1261 de
451 1195 686 1260 rerurrectione
700 1194 891 1279 disceptatio
907 1194 1102 1285 differatur.
1111 1199 1149 1278 ¹)
1175 1194 1253 1260 Veri·

184 1301 349 1368 simillime
371 1303 468 1388 igitur
489 1299 555 1379 hic,
578 1300 619 1364 de
642 1323 704 1385 qno
727 1302 863 1387 egimus,
885 1298 1001 1364 liber'
991 1323 1021 1364 rs
1046 1312 1106 1378 est,
1129 1291 1214 1382 quem
1228 1302 1254 1362 iu
1280 1351 1281 1354 ,

154 1405 346 1494 'Apologia
366 1406 523 1505 promisit.
569 1402 666 1469 Certe
694 1427 759 1470 non
788 1403 894 1470 solum
923 1401 1055 1469 Codices
1081 1400 1196 1488 Mespti
1221 1403 1255 1466 od

184 1530 280 1574 urium
301 1529 402 1574 orasses
424 1530 543 1574 nomen
567 1511 637 1606 ejus
659 1511 693 1576 in
715 1510 821 1574 ironte
843 1509 1084 1594 praescierunt·
1106 1509 1160 1588 sed
1174 1505 1257 1588 stylus

186 1618 285 1682 etiem
308 1627 340 1679 et
361 1611 539 1678 scribendi
532 1633 644 1700 gertus
665 1613 752 1678 idem
775 1615 905 1679 omnino
914 1629 1025 1700 atque
1047 1617 1083 1680 in
1099 1611 1258 1698 Legatione

129 1735 245 1803 pro
268 1715 461 1782 Christianis
483 1739 556 1782 ense
579 1719 779 1804 agnoscitur,
803 1739 907 1802 neque
929 1717 1109 1784 Doctorum
1129 1715 1259 1782 Virorum

187 1823 353 1907 quisquam
375 1818 435 1886 luit
456 1821 623 1900 hactenns,
645 1823 698 1906 qui
720 1821 838 1888 librum
860 1825 956 1888 ictum
976 1825 1011 1888 in
1035 1821 1163 1888 dubium
1180 1839 1258 1884 vocn-

187 1929 277 1992 verit.
322 1923 375 1990 De
399 1934 546 2012 tenpore,
570 1949 631 2010 qno
654 1927 789 2012 scriptus
812 1939 872 2004 eet,
894 1925 981 1992 ultra
1002 1925 1085 1992 nihil
1101 1925 1260 1992 nccurotim

68 2021 71 2028 ⁴
188 2032 360 2130 evincitur,
389 2052 483 2142 quem
506 2029 589 2116 quod
612 2031 745 2096 nonita
767 2030 867 2096 multo
890 2043 963 2116 post
984 2029 1175 2118 Apologiom
1194 2049 1259 2093 exc·

128 2147 136 2156 “
187 2127 275 2221 retus
297 2139 350 2202 eit.

514 2289 516 2296 ,
593 2221 642 2286 di.
671 2219 875 2302 Anolysit.

276 2345 306 2428 5·
330 2350 429 2420 18⁰·
473 2343 574 2408 Liber
596 2345 630 2410 in
646 2342 726 2435 duas
741 2343 892 2408 dividitur
905 2357 1025 2428 partes,
1050 2363 1180 2428 quarum
1194 2343 1264 2425 prior

190 2447 315 2514 adletas
345 2445 387 2510 ab
410 2445 603 2512 adversariis
632 2447 673 2512 de
695 2449 933 2518 resurrectione
957 2449 1128 2530 opinionon
1149 2443 1263 2520 refellit,

189 2549 296 2618 alteru
323 2563 431 2615 nutem
459 2549 667 2616 christianam
690 2573 730 2616 ee
752 2551 792 2616 de
813 2573 850 2616 re
878 2551 1058 2616 doctrinam
1088 2549 1264 2640 argumentis

63 2675 103 2708 «·
191 2653 370 2720 confirmet.
417 2652 535 2720 Statuit
557 2654 855 2741 igiturprinsunr,
885 2677 959 2735 eon,
983 2657 1038 2740 qui
1060 2649 1263 2740 inpossibi-

96 2765 102 2790 '
190 2757 261 2824 lent
277 2760 387 2824 dicunt
401 2762 682 2838 resurrectionem,
699 2757 921 2826 demonstrare
938 2759 1071 2840 debere,
1095 2760 1177 2845 quod
1190 2757 1264 2824 Deua

190 2877 333 2930 mortuos
363 2863 402 2928 od
431 2865 531 2928 vitem
558 2885 711 2930 revocare
740 2864 794 2931 vel
820 2875 957 2952 nequeat
984 2865 1040 2930 vel
1069 2864 1165 2943 nolit,
1192 2871 1266 2926 etot

70 3021 74 3032 ,
189 2989 252 3033 uon
273 2987 394 3052 poete
416 2965 523 3032 Deum
545 2967 608 3033 hoc
635 2968 790 3052 perficere
814 2969 955 3049 dicotur,
983 2969 1036 3034 vel
1065 2967 1224 3034 retentor»
1242 2966 1265 3025 ei

189 3049 430 3159 denegandam
442 3093 514 3136 esee
541 3072 595 3136 vel
610 3070 818 3154 facultatem.
864 3074 961 3158 Atqui
983 3073 1076 3140 Dour
1104 3095 1168 3138 non
1189 3073 1265 3156 iguo·

191 3177 284 3254 ravit,
308 3174 500 3259 quomodo'
490 3197 524 3240 m
542 3175 652 3259 prinu
671 3178 880 3262 generatione
900 3178 1118 3244 formarentur
1139 3192 1265 3256 corpore,

128 3321 132 3330 -
191 3301 296 3366 neque
319 3281 350 3344 ei
373 3279 474 3344 deluit
488 3279 625 3346 incultos
640 3280 855 3364 perficiendae
869 3284 1108 3368 generationie3
1132 3302 1205 3368 ergo
1219 3297 1267 3341 nec

190 3388 330 3472 iguotnt,
353 3381 512 3466 quomodo
534 3387 600 3448 nint
621 3406 755 3468 corpore
775 3385 974 3463 renotanda,
998 3407 1104 3470 neque
1125 3391 1267 3468 potestate

192 3502 298 3568 neret,
328 3487 528 3552 revivicundi
555 3503 698 3555 mortnor
727 3489 816 3574 (Lib.
840 3489 880 3554 de
902 3513 1019 3556 resurr.
1050 3503 1145 3556 mort.
1169 3511 1195 3553 c.
1219 3494 1268 3551 t·-

193 3591 250 3676 4.).
296 3591 424 3656 Deinde
443 3592 617 3675 respondet
632 3594 673 3660 nd
695 3595 907 3678 objectiones,
932 3595 1015 3678 quod
1030 3593 1196 3670 hominnm
1210 3609 1268 3654 cot·

192 3719 287 3782 pore,
317 3711 483 3782 postquem
513 3695 639 3762 bellone
662 3697 866 3778 oluerunt,
856 3720 891 3762 sn
914 3696 996 3762 olion
1023 3696 1173 3762 homines
1195 3709 1269 3758 tren·

192 3815 298 3880 scant,
320 3804 386 3866 imo
409 3799 557 3866 homines
579 3801 739 3866 interdum
762 3803 802 3866 nb
825 3802 1009 3867 hominibus
1031 3815 1201 3878 vorentur,
1223 3795 1269 3860 do·

181 3883 282 3984 ¹cens,
304 3907 476 3988 unicuique
500 3905 634 3972 animali
656 3906 888 3972 conuenientem
909 3887 1018 3972 nDeo
1034 3908 1195 3990 provisum
1209 3919 1270 3964 esee

193 4009 318 4088 cibum,
353 4029 487 4094 eumque
520 4010 626 4076 solum
655 4011 872 4076 nutriendis
863 4033 898 4076 ιιι
928 4009 1118 4076 alimentum
1152 4005 1270 4082 cedere;

193 4112 343 4197 quidquid
372 4127 480 4178 autem
511 4101 708 4180 contrarium
739 4129 804 4196 ent,
834 4115 869 4208 id
890 4117 989 4182 rcriie
1012 4113 1115 4180 modin
1140 4106 1271 4194 expellit

264 4274 291 4334 t)
309 4267 407 4337 huot.
424 4283 478 4336 pro
498 4267 612 4326 turtru.
631 4287 653 4324 o.
671 4274 714 4338 oo,
732 4271 774 4326 ed.
791 4269 861 4328 lund.
879 4288 905 4344 p.
923 4275 983 4328 88³.
1095 4299 1103 4310 =
