2686 4794
666 291 742 368 2⁰6

155 499 284 589 reatin,
314 504 510 582 cordinentin
532 505 666 587 colitur,
687 511 814 579 unimam
835 509 1067 576 matrimonium
1088 517 1251 589 ororetur,

155 613 344 682 cartimomia
373 614 568 694 custoditur,
597 615 764 696 injustitia
791 614 1062 694 exterminamur,
1079 622 1253 702 peecatum

154 721 315 788 radicitus
338 719 496 798 evellitur,
510 718 647 804 jorrtitiu
668 727 851 798 exercetur,
873 717 931 784 len
951 719 1156 799 obserentur,
1180 719 1252 784 cul·

154 838 207 893 tur
224 823 292 891 Dei
308 823 494 910 peragitur,
516 822 606 889 Deur
629 821 808 904 confitendo
825 822 1025 902 celebatur,
1048 824 1172 890 ueritas
1194 825 1252 889 do·

153 933 310 1009 minatur,
339 929 454 1018 gratia
476 923 630 1007 curtadit,
653 947 730 1012 pax
752 928 932 1008 communit,
951 936 1102 1012 ,randum
1123 925 1254 994 uerbum

153 1057 249 1102 manu
271 1034 379 1112 ducit,
403 1032 565 1117 rapinatim
587 1031 692 1111 docet,
710 1032 783 1096 'uita
805 1031 940 1120 dirigit,
962 1031 1052 1098 Dour
1073 1027 1202 1120 regnat.
1218 1038 1252 1114 ι)

155 1141 209 1210 De
237 1137 482 1222 Principum
514 1149 623 1204 eutem
656 1149 836 1221 potestate,
871 1149 904 1201 et
933 1159 1045 1204 eorum
1077 1160 1180 1222 neque
1210 1159 1252 1204 nc

154 1243 403 1310 eniditorum
424 1261 555 1308 enorum
577 1241 829 1328 obligationibus
853 1241 963 1308 docet:
993 1239 1068 1307 llere
1094 1255 1158 1306 mom
1177 1242 1253 1308 ideo

156 1358 204 1414 ert
218 1346 346 1432 foetur,
366 1389 376 1409 .
397 1393 406 1411 .
427 1355 464 1412 ut
488 1346 653 1425 adoretur,
675 1347 733 1410 red
751 1357 788 1410 ut
808 1347 951 1434 legitimo
972 1345 1086 1429 lamere
1107 1345 1252 1412 olrerne·

155 1461 220 1519 tur.
264 1446 375 1538 Neque
397 1444 479 1514 emim
494 1442 583 1516 Deur
605 1458 663 1530 ert,
685 1452 742 1516 red
760 1451 845 1516 loma
868 1473 889 1515 u
909 1449 980 1516 Deo
1002 1451 1253 1516 comtitutur..

153 1566 191 1622 ut
206 1559 296 1641 jurte
315 1553 460 1639 judicu,-
486 1562 535 1620 eet
556 1555 638 1620 emim
664 1555 885 1642 quodammodi
914 1555 1153 1622 administratio
1175 1555 1207 1620 ei
1229 1579 1254 1620 a

47 1697 53 1712 .
140 1661 224 1748 ⁶Deo
251 1655 412 1726 commirro
430 1705 439 1724 .
458 1703 494 1723 ..
539 1659 660 1747 Regem
681 1659 786 1746 igitur
808 1659 889 1740 cole,
917 1660 974 1724 red
994 1681 1061 1756 eum
1082 1659 1253 1751 diligenda

156 1749 229 1832 cole¹
242 1765 332 1852 eique
347 1766 496 1850 parendo
518 1771 550 1829 et
571 1761 692 1829 orando
711 1785 772 1850 pro
795 1785 841 1852 eo.
876 1761 946 1828 Hoc
968 1764 1049 1830 enim
1070 1762 1253 1846 risecerir,

154 1870 348 1936 oolurrtatem
369 1868 436 1934 Dei
458 1870 693 1956 roreque-iet)
782 1969 786 1978 .

648 2151 751 2229 Vlll.
942 2213 952 2228 .

418 2311 633 2402 nomme
671 2307 986 2420 Parasopiai.

593 2486 810 2612 mue
902 2561 904 2569 ·
990 2551 993 2563 ·
1115 2497 1119 2506 “

241 2717 344 2788 2⁰10
394 2709 462 2776 Sub
490 2709 683 2778 Hermiae
713 2713 880 2797 cujusdam
908 2712 1038 2776 nornine
1070 2711 1251 2774 memoriae

155 2827 286 2881 nostrae
313 2815 457 2900 proditur
479 2827 529 2880 eet
549 2815 696 2897 libellus,
725 2821 778 2902 qui
800 2816 985 2884 inscribitur
1006 2811 1149 2896 „lmirio
1169 2833 1252 2899 gem·

111 2967 113 2970 -
155 2917 262 2984 uitium
290 2919 370 3004 (τῶν
398 2917 470 3006 ἔξω)
494 2907 784 3006 philosophorum
834 2920 902 2986 Sed
929 2919 986 2984 ubi
1014 2932 1109 3010 uentu
1134 2913 1252 2996 'fuerin

156 3035 212 3089 eut
233 3044 294 3106 quo
317 3036 461 3106 tempore
483 3027 616 3104 vixerit,
639 3048 743 3108 neque
767 3047 812 3090 ex
827 3025 1040 3108 Antiquomm
1054 3024 1253 3088 testimoniis

155 3145 262 3210 neque
283 3149 329 3192 ex
358 3129 459 3211 ipsine
480 3127 563 3194 libre
587 3131 759 3196 erudimur.
802 3130 840 3194 lu
863 3130 926 3196 hoc
947 3151 1012 3199 nno
1035 3149 1148 3204 omnes
1170 3147 1252 3192 enn-

155 3234 290 3296 veuiuut
308 3231 401 3296 codd.
424 3253 514 3312 mue,
535 3247 573 3298 ut
593 3233 814 3320 Philosophum
828 3255 910 3298 ‘eum
931 3233 1032 3300 fuieee
1055 3231 1251 3310 exhibeant,

124 3357 133 3374 ⁰
156 3336 242 3420 quod
263 3338 342 3402 entie
365 3339 463 3402 etiem
486 3359 531 3404 ex
552 3339 623 3422 ipeo
647 3342 718 3424 ejue
741 3337 893 3424 opusculo
916 3336 1033 3404 elucet.
1077 3335 1253 3402 Recemlio·

155 3462 222 3506 rem
251 3463 325 3506 eum
353 3439 481 3506 Juetimo
508 3443 609 3509 fudere
639 3457 676 3511 et
704 3443 841 3508 Tatiamo
869 3445 972 3528 eiqniu
1001 3441 1197 3522 contendet,
1230 3465 1253 3507 u
1340 3479 1341 3496 ι

153 3567 233 3612 vero
257 3549 316 3612 vix
338 3546 548 3614 aberraverit.
592 3549 723 3614 Etenim
745 3545 864 3614 luetiui
891 3547 1070 3613 sententies
1093 3560 1127 3611 et
1147 3547 1253 3631 inpri-

154 3652 217 3716 mis
231 3647 365 3719 Tetiuui
386 3652 474 3719 euleu
496 3655 627 3719 omuino
649 3653 776 3718 videtur
796 3655 927 3718 imitari.
973 3648 1126 3716 Ceterum
1147 3649 1254 3716 multe

155 3767 231 3820 eunt
251 3758 286 3820 in
307 3759 369 3823 ieta
391 3757 476 3824 libro
499 3761 714 3838 occurrentia,
736 3781 818 3842 quee
840 3743 1093 3844 amliquireo'mam
1107 3769 1253 3822 eetntem

154 3859 315 3942 redolent,
339 3883 369 3926 e.
383 3883 433 3950 gr.
448 3864 617 3948 quodcum
630 3865 866 3943 vetustissimis,
886 3885 965 3950 quoe
979 3861 1147 3948 hueusque
1160 3885 1252 3928 eom·

155 3969 421 4049 memoravimus,
451 3967 667 4054 scriptoribus
695 3969 871 4035 dnemouee
899 3990 918 4032 e
947 3967 1040 4034 coelo
1062 3970 1097 4033 iu
1128 3981 1251 4034 terrum

225 4212 253 4270 1)
271 4209 331 4266 Lib.
349 4211 397 4266 ΙΙΙ.
416 4228 440 4267 ο.
460 4217 501 4280 15,
519 4229 545 4283 p.
562 4213 623 4266 mo.

223 4297 253 4361 ἱ)
269 4295 329 4353 lab.
348 4297 371 4356 1.
388 4313 412 4353 c.
431 4305 472 4368 11,
489 4316 516 4370 p.
532 4300 593 4354 ent.
