<?xml version="1.0" encoding="UTF-8"?>
<!DOCTYPE html PUBLIC "-//W3C//DTD XHTML 1.0 Transitional//EN"
    "http://www.w3.org/TR/xhtml1/DTD/xhtml1-transitional.dtd">
<html xmlns="http://www.w3.org/1999/xhtml" xml:lang="en" lang="en">
 <head>
  <title>
</title>
<meta http-equiv="Content-Type" content="text/html;charset=utf-8" />
  <meta name='ocr-system' content='tesseract 3.04.00' />
  <meta name='ocr-capabilities' content='ocr_page ocr_carea ocr_par ocr_line ocrx_word'/>
</head>
<body>
  <div class='ocr_page' id='page_1' title='image "./bibliothecapatr00permgoog_0121.png"; bbox 0 0 2614 4790; ppageno 0'>
   <div class='ocr_carea' id='block_1_1' title="bbox 560 291 795 388">
    <p class='ocr_par' dir='ltr' id='par_1_1' title="bbox 560 291 795 388">
     <span class='ocr_line' id='line_1_1' title="bbox 560 291 795 388; baseline 0.004 -2"><span class='ocrx_word' id='word_1_1' title='bbox 560 313 650 388; x_wconf 90' lang='grc' dir='ltr'>ιιι.</span> <span class='ocrx_word' id='word_1_2' title='bbox 791 291 795 306; x_wconf 83' lang='grc'><strong><em>’</em></strong></span> 
     </span>
    </p>
   </div>
   <div class='ocr_carea' id='block_1_2' title="bbox 492 411 701 458">
    <p class='ocr_par' dir='ltr' id='par_1_2' title="bbox 492 411 701 458">
     <span class='ocr_line' id='line_1_2' title="bbox 492 411 701 424; baseline 0.005 -2"><span class='ocrx_word' id='word_1_3' title='bbox 492 411 701 424; x_wconf 50' lang='lat' dir='ltr'>u*-</span> 
     </span>
     <span class='ocr_line' id='line_1_3' title="bbox 647 447 653 458; baseline 0 0"><span class='ocrx_word' id='word_1_4' title='bbox 647 447 653 458; x_wconf 63' lang='lat' dir='ltr'>s</span> 
     </span>
    </p>
   </div>
   <div class='ocr_carea' id='block_1_3' title="bbox 55 520 1242 3430">
    <p class='ocr_par' dir='ltr' id='par_1_3' title="bbox 55 520 1242 3430">
     <span class='ocr_line' id='line_1_4' title="bbox 59 520 1141 618; baseline -0.001 -20"><span class='ocrx_word' id='word_1_5' title='bbox 59 533 96 598; x_wconf 88' lang='lat' dir='ltr'>ihi</span> <span class='ocrx_word' id='word_1_6' title='bbox 121 531 263 598; x_wconf 81' lang='lat' dir='ltr'>reiorum</span> <span class='ocrx_word' id='word_1_7' title='bbox 292 531 442 618; x_wconf 71' lang='lat' dir='ltr'>legimus.</span> <span class='ocrx_word' id='word_1_8' title='bbox 487 520 639 611; x_wconf 69' lang='lat' dir='ltr'>Quertun¹</span> <span class='ocrx_word' id='word_1_9' title='bbox 657 525 765 598; x_wconf 85' lang='lat' dir='ltr'>euteru</span> <span class='ocrx_word' id='word_1_10' title='bbox 793 531 834 597; x_wconf 86' lang='lat' dir='ltr'>eh</span> <span class='ocrx_word' id='word_1_11' title='bbox 855 533 971 600; x_wconf 77' lang='lat' dir='ltr'>iisdem</span> <span class='ocrx_word' id='word_1_12' title='bbox 1001 553 1141 599; x_wconf 79' lang='lat' dir='ltr'>eorume·</span> 
     </span>
     <span class='ocr_line' id='line_1_5' title="bbox 57 627 1141 722; baseline -0.001 -19"><span class='ocrx_word' id='word_1_13' title='bbox 57 651 191 703; x_wconf 79' lang='lat' dir='ltr'>norntue</span> <span class='ocrx_word' id='word_1_14' title='bbox 218 636 305 702; x_wconf 89' lang='lat' dir='ltr'>liher</span> <span class='ocrx_word' id='word_1_15' title='bbox 328 635 512 719; x_wconf 76' lang='lat' dir='ltr'>Confirtott&#39;o</span> <span class='ocrx_word' id='word_1_16' title='bbox 538 641 708 722; x_wconf 74' lang='lat' dir='ltr'>inscriptus</span> <span class='ocrx_word' id='word_1_17' title='bbox 730 638 804 715; x_wconf 88' lang='lat' dir='ltr'>fuit,</span> <span class='ocrx_word' id='word_1_18' title='bbox 834 627 917 702; x_wconf 89' lang='lat' dir='ltr'>dum&#39;</span> <span class='ocrx_word' id='word_1_19' title='bbox 938 651 1048 704; x_wconf 82' lang='lat' dir='ltr'>neutro</span> <span class='ocrx_word' id='word_1_20' title='bbox 1071 637 1141 702; x_wconf 85' lang='lat' dir='ltr'>elu-</span> 
     </span>
     <span class='ocr_line' id='line_1_6' title="bbox 57 739 1170 823; baseline 0.002 -18"><span class='ocrx_word' id='word_1_21' title='bbox 57 741 194 805; x_wconf 78' lang='lat' dir='ltr'>cubratio</span> <span class='ocrx_word' id='word_1_22' title='bbox 217 743 355 823; x_wconf 87' lang='lat' dir='ltr'>primurn</span> <span class='ocrx_word' id='word_1_23' title='bbox 371 740 543 822; x_wconf 73' lang='lat' dir='ltr'>orationis,</span> <span class='ocrx_word' id='word_1_24' title='bbox 566 763 652 807; x_wconf 89' lang='lat' dir='ltr'>nune</span> <span class='ocrx_word' id='word_1_25' title='bbox 673 763 751 807; x_wconf 83' lang='lat' dir='ltr'>vero</span> <span class='ocrx_word' id='word_1_26' title='bbox 767 739 1000 806; x_wconf 72' lang='lat' dir='ltr'>coornatione</span> <span class='ocrx_word' id='word_1_27' title='bbox 1022 763 1141 808; x_wconf 87' lang='lat' dir='ltr'>nomen</span> <span class='ocrx_word' id='word_1_28' title='bbox 1168 774 1170 782; x_wconf 39' lang='lat' dir='ltr'>v</span> 
     </span>
     <span class='ocr_line' id='line_1_7' title="bbox 56 845 1143 932; baseline 0.001 -23"><span class='ocrx_word' id='word_1_29' title='bbox 56 849 85 909; x_wconf 95' lang='lat' dir='ltr'>iu</span> <span class='ocrx_word' id='word_1_30' title='bbox 110 846 218 932; x_wconf 80' lang='lat' dir='ltr'>fronte</span> <span class='ocrx_word' id='word_1_31' title='bbox 253 849 348 930; x_wconf 81' lang='lat' dir='ltr'>gerit.</span> <span class='ocrx_word' id='word_1_32' title='bbox 399 845 615 911; x_wconf 75' lang='lat' dir='ltr'>Bellome&#39;oer</span> <span class='ocrx_word' id='word_1_33' title='bbox 624 849 657 930; x_wconf 83' lang='lat'>⁴)</span> <span class='ocrx_word' id='word_1_34' title='bbox 686 847 831 931; x_wconf 84' lang='lat' dir='ltr'>quidem,</span> <span class='ocrx_word' id='word_1_35' title='bbox 870 845 1087 911; x_wconf 78' lang='lat' dir='ltr'>&#39;ll&#39;llemorttiur</span> <span class='ocrx_word' id='word_1_36' title='bbox 1100 849 1143 928; x_wconf 78' lang='lat'>⁶),</span> 
     </span>
     <span class='ocr_line' id='line_1_8' title="bbox 57 945 1144 1036; baseline 0 -24"><span class='ocrx_word' id='word_1_37' title='bbox 57 949 291 1031; x_wconf 74' lang='lat' dir='ltr'>Porreut&#39;m‘),</span> <span class='ocrx_word' id='word_1_38' title='bbox 313 945 524 1034; x_wconf 61' lang='lat' dir='ltr'>Neretum),</span> <span class='ocrx_word' id='word_1_39' title='bbox 548 951 716 1016; x_wconf 71' lang='lat' dir='ltr'>ceillierus</span> <span class='ocrx_word' id='word_1_40' title='bbox 726 953 774 1036; x_wconf 82' lang='lat'>⁸),</span> <span class='ocrx_word' id='word_1_41' title='bbox 796 947 1001 1035; x_wconf 76' lang='lat' dir='ltr'>Morooetr’)</span> <span class='ocrx_word' id='word_1_42' title='bbox 1025 949 1144 1032; x_wconf 78' lang='lat' dir='ltr'>aliique</span> 
     </span>
     <span class='ocr_line' id='line_1_9' title="bbox 56 1052 1144 1142; baseline 0 -24"><span class='ocrx_word' id='word_1_43' title='bbox 56 1057 112 1118; x_wconf 84' lang='lat' dir='ltr'>viri</span> <span class='ocrx_word' id='word_1_44' title='bbox 140 1054 259 1118; x_wconf 87' lang='lat' dir='ltr'>eruditi</span> <span class='ocrx_word' id='word_1_45' title='bbox 288 1052 374 1118; x_wconf 84' lang='lat' dir='ltr'>ltnne</span> <span class='ocrx_word' id='word_1_46' title='bbox 400 1058 508 1142; x_wconf 79' lang='lat' dir='ltr'>utique</span> <span class='ocrx_word' id='word_1_47' title='bbox 537 1057 672 1121; x_wconf 82' lang='lat' dir='ltr'>eundern</span> <span class='ocrx_word' id='word_1_48' title='bbox 702 1077 740 1120; x_wconf 86' lang='lat' dir='ltr'>eo</span> <span class='ocrx_word' id='word_1_49' title='bbox 766 1055 858 1121; x_wconf 81' lang='lat' dir='ltr'>illam</span> <span class='ocrx_word' id='word_1_50' title='bbox 881 1055 1144 1121; x_wconf 81' lang='lat' dir='ltr'>Confututionent</span> 
     </span>
     <span class='ocr_line' id='line_1_10' title="bbox 57 1157 1144 1258; baseline 0.001 -37"><span class='ocrx_word' id='word_1_51' title='bbox 57 1181 126 1223; x_wconf 82' lang='lat' dir='ltr'>eree</span> <span class='ocrx_word' id='word_1_52' title='bbox 156 1171 309 1234; x_wconf 81' lang='lat' dir='ltr'>renuent,</span> <span class='ocrx_word' id='word_1_53' title='bbox 345 1159 428 1240; x_wconf 87' lang='lat' dir='ltr'>quod</span> <span class='ocrx_word' id='word_1_54' title='bbox 459 1161 555 1228; x_wconf 82' lang='lat' dir='ltr'>etiem</span> <span class='ocrx_word' id='word_1_55' title='bbox 589 1159 761 1256; x_wconf 71' lang='lat' dir='ltr'>Todepzr&#39;etr</span> <span class='ocrx_word' id='word_1_56' title='bbox 777 1163 828 1242; x_wconf 81' lang='lat'>¹⁰)</span> <span class='ocrx_word' id='word_1_57' title='bbox 865 1181 917 1258; x_wconf 40' lang='lat' dir='ltr'>exs</span> <span class='ocrx_word' id='word_1_58' title='bbox 937 1157 1012 1224; x_wconf 83' lang='lat' dir='ltr'>libri</span> <span class='ocrx_word' id='word_1_59' title='bbox 1043 1161 1144 1222; x_wconf 71' lang='lat' dir='ltr'>nostri</span> 
     </span>
     <span class='ocr_line' id='line_1_11' title="bbox 56 1261 1152 1351; baseline 0.006 -24"><span class='ocrx_word' id='word_1_60' title='bbox 56 1285 150 1346; x_wconf 79' lang='lat' dir='ltr'>oropo</span> <span class='ocrx_word' id='word_1_61' title='bbox 178 1261 315 1349; x_wconf 80' lang='lat' dir='ltr'>colligit.</span> <span class='ocrx_word' id='word_1_62' title='bbox 361 1262 393 1328; x_wconf 83' lang='lat' dir='ltr'>le</span> <span class='ocrx_word' id='word_1_63' title='bbox 416 1267 519 1346; x_wconf 82' lang='lat' dir='ltr'>enirn,</span> <span class='ocrx_word' id='word_1_64' title='bbox 542 1269 605 1347; x_wconf 87' lang='lat' dir='ltr'>eit,</span> <span class='ocrx_word' id='word_1_65' title='bbox 634 1266 755 1351; x_wconf 81' lang='lat' dir='ltr'>duplex</span> <span class='ocrx_word' id='word_1_66' title='bbox 779 1279 844 1344; x_wconf 81' lang='lat' dir='ltr'>eet,</span> <span class='ocrx_word' id='word_1_67' title='bbox 867 1269 1004 1350; x_wconf 83' lang='lat' dir='ltr'>primurn</span> <span class='ocrx_word' id='word_1_68' title='bbox 1027 1285 1152 1348; x_wconf 37' lang='lat' dir='ltr'>nempe!</span> 
     </span>
     <span class='ocr_line' id='line_1_12' title="bbox 57 1365 1144 1454; baseline 0.003 -24"><span class='ocrx_word' id='word_1_69' title='bbox 57 1365 208 1432; x_wconf 73' lang='lat' dir='ltr'>refellere</span> <span class='ocrx_word' id='word_1_70' title='bbox 229 1365 382 1430; x_wconf 68' lang='lat' dir='ltr'>emoriar</span> <span class='ocrx_word' id='word_1_71' title='bbox 398 1367 609 1454; x_wconf 80' lang='lat' dir='ltr'>Pngenorurn,</span> <span class='ocrx_word' id='word_1_72' title='bbox 633 1371 748 1435; x_wconf 90' lang='lat' dir='ltr'>deinde</span> <span class='ocrx_word' id='word_1_73' title='bbox 765 1369 913 1436; x_wconf 80' lang='lat' dir='ltr'>Gentiles</span> <span class='ocrx_word' id='word_1_74' title='bbox 935 1372 975 1434; x_wconf 86' lang='lat' dir='ltr'>ed</span> <span class='ocrx_word' id='word_1_75' title='bbox 995 1369 1144 1434; x_wconf 81' lang='lat' dir='ltr'>ohrietie·</span> 
     </span>
     <span class='ocr_line' id='line_1_13' title="bbox 56 1469 1145 1560; baseline 0.001 -24"><span class='ocrx_word' id='word_1_76' title='bbox 56 1494 128 1536; x_wconf 83' lang='lat' dir='ltr'>uum</span> <span class='ocrx_word' id='word_1_77' title='bbox 150 1469 344 1556; x_wconf 71' lang='lat' dir='ltr'>religionem</span> <span class='ocrx_word' id='word_1_78' title='bbox 366 1473 620 1556; x_wconf 81' lang='lat' dir='ltr'>empleotendem</span> <span class='ocrx_word' id='word_1_79' title='bbox 642 1475 814 1539; x_wconf 86' lang='lat' dir='ltr'>eohorteri.</span> <span class='ocrx_word' id='word_1_80' title='bbox 859 1473 932 1552; x_wconf 78' lang='lat' dir='ltr'>Quo</span> <span class='ocrx_word' id='word_1_81' title='bbox 954 1476 1053 1560; x_wconf 76' lang='lat' dir='ltr'>igitur</span> <span class='ocrx_word' id='word_1_82' title='bbox 1069 1475 1145 1558; x_wconf 86' lang='lat' dir='ltr'>jure</span> 
     </span>
     <span class='ocr_line' id='line_1_14' title="bbox 56 1576 1145 1662; baseline 0 -22"><span class='ocrx_word' id='word_1_83' title='bbox 56 1599 76 1640; x_wconf 83' lang='lat' dir='ltr'>e</span> <span class='ocrx_word' id='word_1_84' title='bbox 95 1583 259 1658; x_wconf 75' lang='lat' dir='ltr'>poetrerue</span> <span class='ocrx_word' id='word_1_85' title='bbox 279 1589 371 1658; x_wconf 87' lang='lat' dir='ltr'>purte</span> <span class='ocrx_word' id='word_1_86' title='bbox 395 1576 573 1641; x_wconf 65' lang='lat' dir='ltr'>cohortatio</span> <span class='ocrx_word' id='word_1_87' title='bbox 594 1593 744 1657; x_wconf 82' lang='lat' dir='ltr'>vocetur,</span> <span class='ocrx_word' id='word_1_88' title='bbox 768 1577 890 1643; x_wconf 53' lang='lat' dir='ltr'>‘eodem</span> <span class='ocrx_word' id='word_1_89' title='bbox 911 1590 1058 1662; x_wconf 82' lang='lat' dir='ltr'>respectu</span> <span class='ocrx_word' id='word_1_90' title='bbox 1079 1578 1145 1661; x_wconf 85' lang='lat' dir='ltr'>pri·</span> 
     </span>
     <span class='ocr_line' id='line_1_15' title="bbox 55 1679 1145 1767; baseline 0 -23"><span class='ocrx_word' id='word_1_91' title='bbox 55 1703 127 1746; x_wconf 80' lang='lat' dir='ltr'>mee</span> <span class='ocrx_word' id='word_1_92' title='bbox 148 1682 249 1762; x_wconf 80' lang='lat' dir='ltr'>pertis</span> <span class='ocrx_word' id='word_1_93' title='bbox 267 1679 451 1763; x_wconf 76' lang='lat' dir='ltr'>Cotrsolotfo</span> <span class='ocrx_word' id='word_1_94' title='bbox 473 1697 577 1764; x_wconf 83' lang='lat' dir='ltr'>potest</span> <span class='ocrx_word' id='word_1_95' title='bbox 595 1681 761 1767; x_wconf 77' lang='lat' dir='ltr'>appellari.</span> <span class='ocrx_word' id='word_1_96' title='bbox 806 1681 948 1760; x_wconf 77' lang='lat' dir='ltr'>Accedit,</span> <span class='ocrx_word' id='word_1_97' title='bbox 972 1681 1055 1765; x_wconf 89' lang='lat' dir='ltr'>quod</span> <span class='ocrx_word' id='word_1_98' title='bbox 1070 1679 1145 1744; x_wconf 87' lang='lat' dir='ltr'>Ste-</span> 
     </span>
     <span class='ocr_line' id='line_1_16' title="bbox 55 1781 1143 1870; baseline 0.003 -22"><span class='ocrx_word' id='word_1_99' title='bbox 55 1785 179 1867; x_wconf 82' lang='lat' dir='ltr'>phenue</span> <span class='ocrx_word' id='word_1_100' title='bbox 190 1781 336 1847; x_wconf 75' lang='lat' dir='ltr'>Godomr</span> <span class='ocrx_word' id='word_1_101' title='bbox 350 1787 413 1867; x_wconf 91' lang='lat'><strong>¹¹),</strong></span> <span class='ocrx_word' id='word_1_102' title='bbox 429 1789 481 1868; x_wconf 88' lang='lat' dir='ltr'>qui</span> <span class='ocrx_word' id='word_1_103' title='bbox 492 1785 633 1870; x_wconf 79' lang='lat' dir='ltr'>seripror</span> <span class='ocrx_word' id='word_1_104' title='bbox 647 1789 705 1852; x_wconf 77' lang='lat' dir='ltr'>ouh</span> <span class='ocrx_word' id='word_1_105' title='bbox 720 1788 818 1853; x_wconf 86' lang='lat' dir='ltr'>finem</span> <span class='ocrx_word' id='word_1_106' title='bbox 833 1791 921 1853; x_wconf 74' lang='lat' dir='ltr'>sexti</span> <span class='ocrx_word' id='word_1_107' title='bbox 935 1785 1037 1852; x_wconf 78' lang='lat' dir='ltr'>seeuli</span> <span class='ocrx_word' id='word_1_108' title='bbox 1048 1787 1143 1851; x_wconf 84' lang='lat' dir='ltr'>flore·</span> 
     </span>
     <span class='ocr_line' id='line_1_17' title="bbox 55 1887 1144 1976; baseline 0.001 -23"><span class='ocrx_word' id='word_1_109' title='bbox 55 1889 120 1968; x_wconf 83' lang='lat' dir='ltr'>hut,</span> <span class='ocrx_word' id='word_1_110' title='bbox 130 1911 177 1952; x_wconf 82' lang='lat' dir='ltr'>ex</span> <span class='ocrx_word' id='word_1_111' title='bbox 186 1887 248 1952; x_wconf 86' lang='lat' dir='ltr'>huo</span> <span class='ocrx_word' id='word_1_112' title='bbox 255 1891 425 1971; x_wconf 74' lang='lat' dir='ltr'>paraenesi</span> <span class='ocrx_word' id='word_1_113' title='bbox 433 1890 537 1955; x_wconf 88' lang='lat' dir='ltr'>loourn</span> <span class='ocrx_word' id='word_1_114' title='bbox 545 1893 702 1975; x_wconf 84' lang='lat' dir='ltr'>quendum</span> <span class='ocrx_word' id='word_1_115' title='bbox 715 1892 840 1972; x_wconf 85' lang='lat' dir='ltr'>udtnlit,</span> <span class='ocrx_word' id='word_1_116' title='bbox 852 1913 948 1976; x_wconf 88' lang='lat' dir='ltr'>quern</span> <span class='ocrx_word' id='word_1_117' title='bbox 955 1889 1083 1956; x_wconf 78' lang='lat' dir='ltr'>Pdolior</span> <span class='ocrx_word' id='word_1_118' title='bbox 1093 1891 1144 1972; x_wconf 79' lang='grc' dir='ltr'>ΙΙ)</span> 
     </span>
     <span class='ocr_line' id='line_1_18' title="bbox 57 1990 1145 2079; baseline -0.001 -21"><span class='ocrx_word' id='word_1_119' title='bbox 57 2016 97 2058; x_wconf 83' lang='lat' dir='ltr'>ex</span> <span class='ocrx_word' id='word_1_120' title='bbox 120 1991 206 2058; x_wconf 85' lang='lat' dir='ltr'>libro</span> <span class='ocrx_word' id='word_1_121' title='bbox 221 1990 342 2056; x_wconf 82' lang='lat' dir='ltr'>Jurtiui</span> <span class='ocrx_word' id='word_1_122' title='bbox 364 1993 546 2078; x_wconf 84' lang='lat' dir='ltr'>deoerpnrm</span> <span class='ocrx_word' id='word_1_123' title='bbox 569 2007 715 2074; x_wconf 82' lang='lat' dir='ltr'>testetur,</span> <span class='ocrx_word' id='word_1_124' title='bbox 738 2000 771 2060; x_wconf 91' lang='lat' dir='ltr'>in</span> <span class='ocrx_word' id='word_1_125' title='bbox 786 2018 847 2079; x_wconf 91' lang='lat' dir='ltr'>quo</span> <span class='ocrx_word' id='word_1_126' title='bbox 862 1994 1010 2060; x_wconf 71' lang='lat' dir='ltr'>Gentiles</span> <span class='ocrx_word' id='word_1_127' title='bbox 1024 1993 1145 2060; x_wconf 78' lang='lat' dir='ltr'>refellit</span> 
     </span>
     <span class='ocr_line' id='line_1_19' title="bbox 57 2093 1232 2184; baseline -0.001 -24"><span class='ocrx_word' id='word_1_128' title='bbox 57 2113 87 2161; x_wconf 88' lang='lat' dir='ltr'>et</span> <span class='ocrx_word' id='word_1_129' title='bbox 101 2098 276 2162; x_wconf 77' lang='lat' dir='ltr'>ratiocinio</span> <span class='ocrx_word' id='word_1_130' title='bbox 291 2095 447 2162; x_wconf 73' lang='lat' dir='ltr'>Plutonis.</span> <span class='ocrx_word' id='word_1_131' title='bbox 486 2099 615 2178; x_wconf 79' lang='lat' dir='ltr'>Cetera,</span> <span class='ocrx_word' id='word_1_132' title='bbox 639 2099 752 2184; x_wconf 78' lang='lat' dir='ltr'>quihus</span> <span class='ocrx_word' id='word_1_133' title='bbox 766 2099 938 2183; x_wconf 83' lang='lat' dir='ltr'>eupredieti</span> <span class='ocrx_word' id='word_1_134' title='bbox 955 2099 1064 2182; x_wconf 87' lang='lat' dir='ltr'>optimi</span> <span class='ocrx_word' id='word_1_135' title='bbox 1082 2099 1146 2160; x_wconf 79' lang='lat' dir='ltr'>riri</span> <span class='ocrx_word' id='word_1_136' title='bbox 1225 2093 1232 2119; x_wconf 86' lang='grc'><strong>’</strong></span> 
     </span>
     <span class='ocr_line' id='line_1_20' title="bbox 58 2197 1145 2283; baseline -0.005 -15"><span class='ocrx_word' id='word_1_137' title='bbox 58 2201 302 2268; x_wconf 83' lang='lat' dir='ltr'>Cohortetiouie</span> <span class='ocrx_word' id='word_1_138' title='bbox 313 2201 511 2266; x_wconf 75' lang='lat' dir='ltr'>authentiam</span> <span class='ocrx_word' id='word_1_139' title='bbox 524 2206 607 2267; x_wconf 92' lang='lat' dir='ltr'>tueri</span> <span class='ocrx_word' id='word_1_140' title='bbox 616 2197 783 2283; x_wconf 81' lang='lat' dir='ltr'>conentur,</span> <span class='ocrx_word' id='word_1_141' title='bbox 796 2203 877 2269; x_wconf 84' lang='lat' dir='ltr'>hereo</span> <span class='ocrx_word' id='word_1_142' title='bbox 892 2215 983 2266; x_wconf 79' lang='lat' dir='ltr'>eunt:</span> <span class='ocrx_word' id='word_1_143' title='bbox 1000 2201 1145 2266; x_wconf 82' lang='lat' dir='ltr'>Juetiuue</span> 
     </span>
     <span class='ocr_line' id='line_1_21' title="bbox 56 2304 1146 2393; baseline -0.003 -24"><span class='ocrx_word' id='word_1_144' title='bbox 56 2329 117 2370; x_wconf 91' lang='lat' dir='ltr'>uno</span> <span class='ocrx_word' id='word_1_145' title='bbox 141 2304 276 2368; x_wconf 57' lang='lat' dir='ltr'>meon</span> <span class='ocrx_word' id='word_1_146' title='bbox 298 2320 447 2370; x_wconf 74' lang='lat' dir='ltr'>commo</span> <span class='ocrx_word' id='word_1_147' title='bbox 467 2306 523 2371; x_wconf 81' lang='lat' dir='ltr'>vel</span> <span class='ocrx_word' id='word_1_148' title='bbox 544 2307 660 2372; x_wconf 82' lang='lat' dir='ltr'>eultem</span> <span class='ocrx_word' id='word_1_149' title='bbox 683 2311 813 2372; x_wconf 89' lang='lat' dir='ltr'>nemine</span> <span class='ocrx_word' id='word_1_150' title='bbox 835 2307 1019 2393; x_wconf 78' lang='lat' dir='ltr'>refragante</span> <span class='ocrx_word' id='word_1_151' title='bbox 1035 2316 1146 2368; x_wconf 86' lang='lat' dir='ltr'>euotor</span> 
     </span>
     <span class='ocr_line' id='line_1_22' title="bbox 55 2397 1146 2500; baseline -0.003 -26"><span class='ocrx_word' id='word_1_152' title='bbox 55 2409 128 2474; x_wconf 85' lang='lat' dir='ltr'>libri</span> <span class='ocrx_word' id='word_1_153' title='bbox 156 2431 372 2500; x_wconf 79' lang='lat' dir='ltr'>nequenuno</span> <span class='ocrx_word' id='word_1_154' title='bbox 399 2410 588 2476; x_wconf 81' lang='lat' dir='ltr'>hebebatur.</span> <span class='ocrx_word' id='word_1_155' title='bbox 633 2413 676 2476; x_wconf 86' lang='lat' dir='ltr'>Et</span> <span class='ocrx_word' id='word_1_156' title='bbox 702 2397 782 2475; x_wconf 69' lang='lat' dir='ltr'>uere</span> <span class='ocrx_word' id='word_1_157' title='bbox 811 2411 870 2476; x_wconf 83' lang='lat' dir='ltr'>ille</span> <span class='ocrx_word' id='word_1_158' title='bbox 896 2423 986 2475; x_wconf 89' lang='lat' dir='ltr'>teoto</span> <span class='ocrx_word' id='word_1_159' title='bbox 1015 2411 1084 2472; x_wconf 82' lang='lat' dir='ltr'>viro</span> <span class='ocrx_word' id='word_1_160' title='bbox 1113 2419 1146 2471; x_wconf 90' lang='lat' dir='ltr'>et</span> 
     </span>
     <span class='ocr_line' id='line_1_23' title="bbox 55 2511 1145 2601; baseline -0.002 -23"><span class='ocrx_word' id='word_1_161' title='bbox 55 2513 202 2596; x_wconf 81' lang='lat' dir='ltr'>hlertyre</span> <span class='ocrx_word' id='word_1_162' title='bbox 224 2527 258 2577; x_wconf 88' lang='lat' dir='ltr'>et</span> <span class='ocrx_word' id='word_1_163' title='bbox 279 2511 476 2598; x_wconf 67' lang='lat' dir='ltr'>Philomelio</span> <span class='ocrx_word' id='word_1_164' title='bbox 505 2515 691 2601; x_wconf 74' lang='lat' dir='ltr'>digniorimo</span> <span class='ocrx_word' id='word_1_165' title='bbox 715 2530 774 2580; x_wconf 86' lang='lat' dir='ltr'>eet.</span> <span class='ocrx_word' id='word_1_166' title='bbox 818 2515 948 2580; x_wconf 87' lang='lat' dir='ltr'>Deinde</span> <span class='ocrx_word' id='word_1_167' title='bbox 977 2527 1087 2578; x_wconf 87' lang='lat' dir='ltr'>euotor</span> <span class='ocrx_word' id='word_1_168' title='bbox 1108 2533 1145 2576; x_wconf 80' lang='lat' dir='ltr'>re</span> 
     </span>
     <span class='ocr_line' id='line_1_24' title="bbox 55 2617 1145 2705; baseline 0.001 -24"><span class='ocrx_word' id='word_1_169' title='bbox 55 2619 124 2700; x_wconf 79' lang='lat' dir='ltr'>ipre</span> <span class='ocrx_word' id='word_1_170' title='bbox 146 2641 167 2682; x_wconf 84' lang='lat' dir='ltr'>u</span> <span class='ocrx_word' id='word_1_171' title='bbox 190 2617 367 2683; x_wconf 83' lang='lat' dir='ltr'>Gentilium</span> <span class='ocrx_word' id='word_1_172' title='bbox 389 2617 549 2705; x_wconf 77' lang='lat' dir='ltr'>religione</span> <span class='ocrx_word' id='word_1_173' title='bbox 571 2620 612 2684; x_wconf 87' lang='lat' dir='ltr'>od</span> <span class='ocrx_word' id='word_1_174' title='bbox 636 2618 891 2692; x_wconf 85' lang='lat' dir='ltr'>Chrirtienornm</span> <span class='ocrx_word' id='word_1_175' title='bbox 914 2637 1006 2683; x_wconf 82' lang='lat' dir='ltr'>reeru</span> <span class='ocrx_word' id='word_1_176' title='bbox 1028 2619 1145 2682; x_wconf 60' lang='lat' dir='ltr'>trontid</span> 
     </span>
     <span class='ocr_line' id='line_1_25' title="bbox 57 2716 1147 2805; baseline 0.001 -21"><span class='ocrx_word' id='word_1_177' title='bbox 57 2724 119 2786; x_wconf 73' lang='lat' dir='ltr'>iere</span> <span class='ocrx_word' id='word_1_178' title='bbox 142 2716 330 2804; x_wconf 76' lang='lat' dir='ltr'>eonfitet&#39;ur3</span> <span class='ocrx_word' id='word_1_179' title='bbox 353 2722 436 2805; x_wconf 85' lang='lat' dir='ltr'>quod</span> <span class='ocrx_word' id='word_1_180' title='bbox 458 2726 535 2787; x_wconf 89' lang='lat' dir='ltr'>item</span> <span class='ocrx_word' id='word_1_181' title='bbox 559 2723 594 2788; x_wconf 85' lang='lat' dir='ltr'>S.</span> <span class='ocrx_word' id='word_1_182' title='bbox 618 2723 744 2790; x_wconf 81' lang='lat' dir='ltr'>Juutioo</span> <span class='ocrx_word' id='word_1_183' title='bbox 767 2723 928 2789; x_wconf 89' lang='lat' dir='ltr'>eonvenit.</span> <span class='ocrx_word' id='word_1_184' title='bbox 972 2720 1147 2787; x_wconf 76' lang='lat' dir='ltr'>Praetereo</span> 
     </span>
     <span class='ocr_line' id='line_1_26' title="bbox 57 2823 1242 2914; baseline -0.002 -24"><span class='ocrx_word' id='word_1_185' title='bbox 57 2827 214 2908; x_wconf 82' lang='lat' dir='ltr'>profunde</span> <span class='ocrx_word' id='word_1_186' title='bbox 235 2825 442 2911; x_wconf 68' lang='lat' dir='ltr'>miquitatis</span> <span class='ocrx_word' id='word_1_187' title='bbox 464 2841 497 2891; x_wconf 88' lang='lat' dir='ltr'>et</span> <span class='ocrx_word' id='word_1_188' title='bbox 516 2835 654 2890; x_wconf 73' lang='lat' dir='ltr'>vetereto</span> <span class='ocrx_word' id='word_1_189' title='bbox 675 2827 841 2914; x_wconf 72' lang='lat' dir='ltr'>gentilium</span> <span class='ocrx_word' id='word_1_190' title='bbox 867 2823 1069 2909; x_wconf 60' lang='lat' dir='ltr'>scriptorum</span> <span class='ocrx_word' id='word_1_191' title='bbox 1090 2843 1145 2888; x_wconf 77' lang='lat' dir='ltr'>no·</span> <span class='ocrx_word' id='word_1_192' title='bbox 1238 2891 1242 2902; x_wconf 70' lang='grc'>,</span> 
     </span>
     <span class='ocr_line' id='line_1_27' title="bbox 58 2925 1145 3014; baseline 0.002 -24"><span class='ocrx_word' id='word_1_193' title='bbox 58 2929 147 3008; x_wconf 79' lang='lat' dir='ltr'>titio,</span> <span class='ocrx_word' id='word_1_194' title='bbox 176 2951 272 3014; x_wconf 84' lang='lat' dir='ltr'>quum</span> <span class='ocrx_word' id='word_1_195' title='bbox 293 2931 327 2993; x_wconf 92' lang='lat' dir='ltr'>in</span> <span class='ocrx_word' id='word_1_196' title='bbox 350 2928 477 2994; x_wconf 78' lang='lat' dir='ltr'>furtiuo</span> <span class='ocrx_word' id='word_1_197' title='bbox 499 2931 668 3011; x_wconf 86' lang='lat' dir='ltr'>miremur,</span> <span class='ocrx_word' id='word_1_198' title='bbox 698 2953 742 2997; x_wconf 82' lang='lat' dir='ltr'>ex</span> <span class='ocrx_word' id='word_1_199' title='bbox 764 2941 972 2997; x_wconf 86' lang='lat' dir='ltr'>monumento</span> <span class='ocrx_word' id='word_1_200' title='bbox 994 2925 1053 2994; x_wconf 94' lang='lat' dir='ltr'>illo</span> <span class='ocrx_word' id='word_1_201' title='bbox 1074 2927 1145 2993; x_wconf 85' lang='lat' dir='ltr'>uhi·</span> 
     </span>
     <span class='ocr_line' id='line_1_28' title="bbox 58 3025 1145 3118; baseline -0.002 -20"><span class='ocrx_word' id='word_1_202' title='bbox 58 3037 104 3097; x_wconf 75' lang='lat' dir='ltr'>rie</span> <span class='ocrx_word' id='word_1_203' title='bbox 127 3033 247 3098; x_wconf 85' lang='lat' dir='ltr'>elucet.</span> <span class='ocrx_word' id='word_1_204' title='bbox 290 3031 439 3116; x_wconf 86' lang='lat' dir='ltr'>Denique</span> <span class='ocrx_word' id='word_1_205' title='bbox 462 3035 544 3118; x_wconf 85' lang='lat' dir='ltr'>quod</span> <span class='ocrx_word' id='word_1_206' title='bbox 567 3036 608 3100; x_wconf 82' lang='lat' dir='ltr'>ed</span> <span class='ocrx_word' id='word_1_207' title='bbox 630 3025 791 3098; x_wconf 75' lang='lat' dir='ltr'>sert‘dmdt&#39;</span> <span class='ocrx_word' id='word_1_208' title='bbox 811 3031 984 3097; x_wconf 75' lang='lat' dir='ltr'>methodum</span> <span class='ocrx_word' id='word_1_209' title='bbox 1013 3047 1145 3099; x_wconf 86' lang='lat' dir='ltr'>eonoer·</span> 
     </span>
     <span class='ocr_line' id='line_1_29' title="bbox 59 3131 1145 3230; baseline 0.004 -32"><span class='ocrx_word' id='word_1_210' title='bbox 59 3139 121 3215; x_wconf 85' lang='lat' dir='ltr'>uit,</span> <span class='ocrx_word' id='word_1_211' title='bbox 151 3135 301 3202; x_wconf 85' lang='lat' dir='ltr'>nonnulli</span> <span class='ocrx_word' id='word_1_212' title='bbox 330 3139 458 3220; x_wconf 88' lang='lat' dir='ltr'>quidem</span> <span class='ocrx_word' id='word_1_213' title='bbox 485 3161 549 3203; x_wconf 89' lang='lat' dir='ltr'>non</span> <span class='ocrx_word' id='word_1_214' title='bbox 579 3131 708 3202; x_wconf 73' lang='lat' dir='ltr'>ominem</span> <span class='ocrx_word' id='word_1_215' title='bbox 734 3139 769 3202; x_wconf 93' lang='lat' dir='ltr'>in</span> <span class='ocrx_word' id='word_1_216' title='bbox 791 3159 831 3200; x_wconf 88' lang='lat' dir='ltr'>ee</span> <span class='ocrx_word' id='word_1_217' title='bbox 847 3135 1079 3230; x_wconf 82' lang='lat' dir='ltr'>lueuhrlrtione</span> <span class='ocrx_word' id='word_1_218' title='bbox 1101 3138 1145 3202; x_wconf 82' lang='lat' dir='ltr'>si·</span> 
     </span>
     <span class='ocr_line' id='line_1_30' title="bbox 59 3239 1146 3327; baseline 0.002 -23"><span class='ocrx_word' id='word_1_219' title='bbox 59 3239 270 3304; x_wconf 79' lang='lat' dir='ltr'>militudinem</span> <span class='ocrx_word' id='word_1_220' title='bbox 307 3263 367 3304; x_wconf 88' lang='lat' dir='ltr'>nee</span> <span class='ocrx_word' id='word_1_221' title='bbox 395 3251 523 3324; x_wconf 78' lang='lat' dir='ltr'>proteus</span> <span class='ocrx_word' id='word_1_222' title='bbox 553 3243 690 3306; x_wconf 89' lang='lat' dir='ltr'>eundern</span> <span class='ocrx_word' id='word_1_223' title='bbox 720 3261 758 3304; x_wconf 83' lang='lat' dir='ltr'>ee</span> <span class='ocrx_word' id='word_1_224' title='bbox 787 3243 821 3304; x_wconf 95' lang='lat' dir='ltr'>in</span> <span class='ocrx_word' id='word_1_225' title='bbox 850 3241 968 3304; x_wconf 83' lang='lat' dir='ltr'>oeterie</span> <span class='ocrx_word' id='word_1_226' title='bbox 996 3243 1146 3327; x_wconf 72' lang='lat' dir='ltr'>genuinis</span> 
     </span>
     <span class='ocr_line' id='line_1_31' title="bbox 62 3339 1144 3430; baseline 0.002 -24"><span class='ocrx_word' id='word_1_227' title='bbox 62 3339 177 3409; x_wconf 75' lang='lat' dir='ltr'>lumini</span> <span class='ocrx_word' id='word_1_228' title='bbox 199 3345 348 3429; x_wconf 82' lang='lat' dir='ltr'>operihur</span> <span class='ocrx_word' id='word_1_229' title='bbox 369 3343 488 3428; x_wconf 78' lang='lat' dir='ltr'>etylurn</span> <span class='ocrx_word' id='word_1_230' title='bbox 510 3368 583 3410; x_wconf 80' lang='lat' dir='ltr'>rese</span> <span class='ocrx_word' id='word_1_231' title='bbox 599 3343 849 3430; x_wconf 69' lang='lat' dir='ltr'>deprehendisse</span> <span class='ocrx_word' id='word_1_232' title='bbox 865 3345 989 3419; x_wconf 69' lang='lat' dir='ltr'>dieuntt</span> <span class='ocrx_word' id='word_1_233' title='bbox 1011 3355 1144 3408; x_wconf 88' lang='lat' dir='ltr'>eonten-</span> 
     </span>
    </p>
   </div>
   <div class='ocr_carea' id='block_1_4' title="bbox 123 3621 1068 4206">
    <p class='ocr_par' dir='ltr' id='par_1_4' title="bbox 127 3621 534 3692">
     <span class='ocr_line' id='line_1_32' title="bbox 127 3621 534 3692; baseline 0.002 -19"><span class='ocrx_word' id='word_1_234' title='bbox 127 3624 159 3686; x_wconf 81' lang='lat' dir='ltr'>t)</span> <span class='ocrx_word' id='word_1_235' title='bbox 177 3621 219 3674; x_wconf 88' lang='lat' dir='ltr'>De</span> <span class='ocrx_word' id='word_1_236' title='bbox 238 3621 346 3692; x_wconf 88' lang='lat' dir='ltr'>Seriptt.</span> <span class='ocrx_word' id='word_1_237' title='bbox 364 3622 428 3674; x_wconf 81' lang='lat' dir='ltr'>ecel.</span> <span class='ocrx_word' id='word_1_238' title='bbox 448 3639 473 3692; x_wconf 91' lang='lat' dir='ltr'>p.</span> <span class='ocrx_word' id='word_1_239' title='bbox 492 3625 534 3676; x_wconf 83' lang='lat' dir='ltr'>ot.</span> 
     </span>
    </p>

    <p class='ocr_par' dir='ltr' id='par_1_5' title="bbox 123 3706 627 3778">
     <span class='ocr_line' id='line_1_33' title="bbox 123 3706 627 3778; baseline -0.012 -12"><span class='ocrx_word' id='word_1_240' title='bbox 123 3713 157 3771; x_wconf 71' lang='lat' dir='ltr'>h)</span> <span class='ocrx_word' id='word_1_241' title='bbox 176 3707 318 3763; x_wconf 71' lang='lat' dir='ltr'>nemone</span> <span class='ocrx_word' id='word_1_242' title='bbox 336 3709 400 3762; x_wconf 87' lang='lat' dir='ltr'>ecel.</span> <span class='ocrx_word' id='word_1_243' title='bbox 419 3706 505 3761; x_wconf 62' lang='lat'>1111.</span> <span class='ocrx_word' id='word_1_244' title='bbox 523 3725 548 3778; x_wconf 89' lang='lat' dir='ltr'>p.</span> <span class='ocrx_word' id='word_1_245' title='bbox 569 3711 627 3760; x_wconf 79' lang='lat'>81⁰.</span> 
     </span>
    </p>

    <p class='ocr_par' dir='ltr' id='par_1_6' title="bbox 129 3795 547 3864">
     <span class='ocr_line' id='line_1_34' title="bbox 129 3795 547 3864; baseline -0.002 -17"><span class='ocrx_word' id='word_1_246' title='bbox 129 3795 159 3855; x_wconf 78' lang='lat' dir='ltr'>d)</span> <span class='ocrx_word' id='word_1_247' title='bbox 177 3795 325 3864; x_wconf 76' lang='lat' dir='ltr'>Apperutus</span> <span class='ocrx_word' id='word_1_248' title='bbox 342 3809 424 3860; x_wconf 74' lang='lat' dir='ltr'>secer,</span> <span class='ocrx_word' id='word_1_249' title='bbox 441 3811 468 3864; x_wconf 91' lang='lat' dir='ltr'>p.</span> <span class='ocrx_word' id='word_1_250' title='bbox 487 3797 547 3848; x_wconf 71' lang='lat'>99⁰.</span> 
     </span>
    </p>

    <p class='ocr_par' dir='ltr' id='par_1_7' title="bbox 125 3869 928 3950">
     <span class='ocr_line' id='line_1_35' title="bbox 125 3869 928 3950; baseline -0.005 -17"><span class='ocrx_word' id='word_1_251' title='bbox 125 3881 161 3944; x_wconf 78' lang='grc'>’7)</span> <span class='ocrx_word' id='word_1_252' title='bbox 179 3883 300 3950; x_wconf 67' lang='lat' dir='ltr'>Apparet.</span> <span class='ocrx_word' id='word_1_253' title='bbox 318 3879 345 3931; x_wconf 90' lang='lat' dir='ltr'>in</span> <span class='ocrx_word' id='word_1_254' title='bbox 362 3879 485 3932; x_wconf 84' lang='lat' dir='ltr'>Biblioth.</span> <span class='ocrx_word' id='word_1_255' title='bbox 504 3879 558 3932; x_wconf 82' lang='lat' dir='ltr'>PP.</span> <span class='ocrx_word' id='word_1_256' title='bbox 576 3869 700 3949; x_wconf 72' lang='lat' dir='ltr'>Lugdou.</span> <span class='ocrx_word' id='word_1_257' title='bbox 720 3877 753 3930; x_wconf 80' lang='grc' dir='ltr'>Τ.</span> <span class='ocrx_word' id='word_1_258' title='bbox 771 3877 812 3942; x_wconf 61' lang='lat'>11.⁴</span> <span class='ocrx_word' id='word_1_259' title='bbox 823 3895 849 3947; x_wconf 89' lang='lat' dir='ltr'>p.</span> <span class='ocrx_word' id='word_1_260' title='bbox 868 3879 928 3930; x_wconf 79' lang='lat'><strong>³5³.</strong></span> 
     </span>
    </p>

    <p class='ocr_par' dir='ltr' id='par_1_8' title="bbox 130 3965 799 4035">
     <span class='ocr_line' id='line_1_36' title="bbox 130 3965 799 4035; baseline -0.001 -16"><span class='ocrx_word' id='word_1_261' title='bbox 130 3969 159 4027; x_wconf 80' lang='grc'>8]</span> <span class='ocrx_word' id='word_1_262' title='bbox 178 3967 293 4019; x_wconf 76' lang='lat' dir='ltr'>liietoire</span> <span class='ocrx_word' id='word_1_263' title='bbox 312 3965 358 4018; x_wconf 84' lang='lat' dir='ltr'>dee</span> <span class='ocrx_word' id='word_1_264' title='bbox 376 3967 488 4018; x_wconf 78' lang='lat' dir='ltr'>Auteure</span> <span class='ocrx_word' id='word_1_265' title='bbox 505 3969 604 4031; x_wconf 76' lang='lat' dir='ltr'>morde,</span> <span class='ocrx_word' id='word_1_266' title='bbox 623 3965 654 4018; x_wconf 81' lang='grc' dir='ltr'>Τ.</span> <span class='ocrx_word' id='word_1_267' title='bbox 674 3965 710 4030; x_wconf 77' lang='lat' dir='ltr'>ll.</span> <span class='ocrx_word' id='word_1_268' title='bbox 730 3982 755 4035; x_wconf 93' lang='lat' dir='ltr'>p.</span> <span class='ocrx_word' id='word_1_269' title='bbox 775 3970 799 4018; x_wconf 81' lang='lat'>7.</span> 
     </span>
    </p>

    <p class='ocr_par' dir='ltr' id='par_1_9' title="bbox 129 4035 1068 4206">
     <span class='ocr_line' id='line_1_37' title="bbox 129 4035 1068 4120; baseline -0.009 -14"><span class='ocrx_word' id='word_1_270' title='bbox 129 4053 158 4112; x_wconf 73' lang='grc'>9)</span> <span class='ocrx_word' id='word_1_271' title='bbox 176 4051 290 4105; x_wconf 70' lang='lat' dir='ltr'>Praefert.</span> <span class='ocrx_word' id='word_1_272' title='bbox 309 4052 337 4102; x_wconf 89' lang='lat' dir='ltr'>iu</span> <span class='ocrx_word' id='word_1_273' title='bbox 355 4050 384 4103; x_wconf 90' lang='lat' dir='ltr'>S.</span> <span class='ocrx_word' id='word_1_274' title='bbox 402 4035 498 4104; x_wconf 69' lang='lat' dir='ltr'>Julh‘ni</span> <span class='ocrx_word' id='word_1_275' title='bbox 517 4051 585 4120; x_wconf 80' lang='lat' dir='ltr'>opp.</span> <span class='ocrx_word' id='word_1_276' title='bbox 603 4049 634 4102; x_wconf 83' lang='grc' dir='ltr'>Ρ.</span> <span class='ocrx_word' id='word_1_277' title='bbox 652 4047 700 4102; x_wconf 88' lang='grc' dir='ltr'>ιιι.</span> <span class='ocrx_word' id='word_1_278' title='bbox 719 4067 743 4103; x_wconf 86' lang='lat' dir='ltr'>o.</span> <span class='ocrx_word' id='word_1_279' title='bbox 763 4049 797 4102; x_wconf 93' lang='lat' dir='ltr'>ll.</span> <span class='ocrx_word' id='word_1_280' title='bbox 816 4066 857 4104; x_wconf 85' lang='lat' dir='ltr'>ur.</span> <span class='ocrx_word' id='word_1_281' title='bbox 877 4047 909 4101; x_wconf 90' lang='lat' dir='ltr'>ll.</span> <span class='ocrx_word' id='word_1_282' title='bbox 927 4065 953 4117; x_wconf 89' lang='lat' dir='ltr'>p.</span> <span class='ocrx_word' id='word_1_283' title='bbox 971 4045 1068 4099; x_wconf 77' lang='lat' dir='ltr'>thv.</span> 
     </span>
     <span class='ocr_line' id='line_1_38' title="bbox 133 4135 709 4206; baseline 0.003 -18"><span class='ocrx_word' id='word_1_284' title='bbox 133 4139 178 4201; x_wconf 80' lang='lat' dir='ltr'>tt)</span> <span class='ocrx_word' id='word_1_285' title='bbox 195 4137 293 4190; x_wconf 76' lang='lat' dir='ltr'>turtio</span> <span class='ocrx_word' id='word_1_286' title='bbox 312 4153 375 4188; x_wconf 82' lang='lat' dir='ltr'>nem</span> <span class='ocrx_word' id='word_1_287' title='bbox 392 4142 418 4188; x_wconf 89' lang='lat' dir='ltr'>et</span> <span class='ocrx_word' id='word_1_288' title='bbox 434 4135 516 4188; x_wconf 82' lang='lat' dir='ltr'>doctr.</span> <span class='ocrx_word' id='word_1_289' title='bbox 533 4136 588 4190; x_wconf 78' lang='lat'>1²1³.</span> <span class='ocrx_word' id='word_1_290' title='bbox 607 4153 631 4206; x_wconf 92' lang='lat' dir='ltr'>p.</span> <span class='ocrx_word' id='word_1_291' title='bbox 652 4139 709 4191; x_wconf 75' lang='lat' dir='ltr'>tto.</span> 
     </span>
    </p>
   </div>
   <div class='ocr_carea' id='block_1_5' title="bbox 133 4216 1164 4314">
    <p class='ocr_par' dir='ltr' id='par_1_10' title="bbox 133 4216 1164 4314">
     <span class='ocr_line' id='line_1_39' title="bbox 133 4216 1164 4314; baseline -0.002 -41"><span class='ocrx_word' id='word_1_292' title='bbox 133 4225 176 4282; x_wconf 84' lang='lat' dir='ltr'>tt)</span> <span class='ocrx_word' id='word_1_293' title='bbox 195 4219 293 4276; x_wconf 67' lang='lat' dir='ltr'>Uarr-t</span> <span class='ocrx_word' id='word_1_294' title='bbox 307 4221 483 4294; x_wconf 71' lang='lat' dir='ltr'>Prolegounu.</span> <span class='ocrx_word' id='word_1_295' title='bbox 499 4223 527 4314; x_wconf 78' lang='lat' dir='ltr'>iu</span> <span class='ocrx_word' id='word_1_296' title='bbox 541 4221 570 4276; x_wconf 87' lang='lat' dir='ltr'>S.</span> <span class='ocrx_word' id='word_1_297' title='bbox 582 4223 679 4293; x_wconf 74' lang='lat' dir='ltr'>lguetii</span> <span class='ocrx_word' id='word_1_298' title='bbox 689 4221 755 4294; x_wconf 79' lang='lat' dir='ltr'>llpp.</span> <span class='ocrx_word' id='word_1_299' title='bbox 775 4222 873 4286; x_wconf 82' lang='lat' dir='ltr'>(Oxou.</span> <span class='ocrx_word' id='word_1_300' title='bbox 887 4219 978 4284; x_wconf 66' lang='lat' dir='ltr'>thet.)</span> <span class='ocrx_word' id='word_1_301' title='bbox 986 4235 1012 4273; x_wconf 85' lang='lat' dir='ltr'>e.</span> <span class='ocrx_word' id='word_1_302' title='bbox 1025 4216 1050 4273; x_wconf 80' lang='lat' dir='ltr'>h.</span> <span class='ocrx_word' id='word_1_303' title='bbox 1064 4233 1089 4288; x_wconf 87' lang='lat' dir='ltr'>p.</span> <span class='ocrx_word' id='word_1_304' title='bbox 1102 4219 1145 4272; x_wconf 74' lang='grc'>88.</span> <span class='ocrx_word' id='word_1_305' title='bbox 1160 4231 1164 4242; x_wconf 88' lang='grc'><em>·</em></span> 
     </span>
    </p>
   </div>
   <div class='ocr_carea' id='block_1_6' title="bbox 0 0 1315 4790">
    <p class='ocr_par' dir='ltr' id='par_1_11' title="bbox 0 0 1315 4790">
     <span class='ocr_line' id='line_1_40' title="bbox 0 0 1315 4790; baseline 0 0"><span class='ocrx_word' id='word_1_306' title='bbox 0 0 1315 4790; x_wconf 95' lang='lat' dir='ltr'> </span> 
     </span>
    </p>
   </div>
  </div>
 </body>
</html>
