2614 4790
512 283 720 392 A.

75 503 181 568 disitm
199 521 256 577 Ιιιι).
282 507 347 568 1³³
370 499 414 586 (ᾗ.
438 505 538 577 itin).
584 495 797 564 Sustentata
819 497 995 578 nonnulla,
1017 519 1101 582 quse
1124 497 1164 566 de

74 605 272 694 geuuiuitate
286 603 420 668 dubium
441 581 622 668 admittudt.
669 599 767 668 Corte
790 603 878 666 anim
900 601 982 668 haee
1005 605 1109 670 oratio
1124 601 1165 668 ud
1209 663 1213 678 „

73 707 208 778 Esssds'o
228 711 411 793 ceterisque
433 730 512 791 quos
535 708 677 773 diximus
700 705 915 790 Scriptoribss
943 709 1083 791 antiquis
1104 729 1166 772 uun

74 813 298 890 estinds’euto3
321 833 397 876 nam
413 832 516 896 nequa
539 812 580 877 de
603 811 795 876 daemonum
817 824 1081 890 natumnatum,
1104 825 1190 878 neo'

73 919 248 984 confutatio
278 929 345 995 est,
375 918 484 982 stricte
510 917 604 999 dietat
650 911 853 1000 Quamquam
880 919 968 982 euim
995 915 1165 1004 gentilium

72 1025 147 1089 deus
169 1034 266 1087 acute
289 1022 451 1106 exagitat,
481 1034 589 1084 tamen
612 1019 824 1086 Ethnioorum
847 1043 887 1084 es
909 1020 950 1084 de
971 1041 1009 1084 re
1037 1021 1165 1102 opinio·
1201 1088 1205 1118 Ι

73 1151 129 1192 nes
150 1126 230 1192 data
253 1147 351 1208 opera
374 1123 489 1189 nullibi
503 1125 665 1208 refutarit.
710 1122 950 1207 Suntquidera,
973 1125 1027 1207 qai
1043 1110 1187 1203 dicant(

73 1253 142 1296 eam
163 1233 277 1314 utique
300 1227 341 1292 ud
356 1225 494 1293 Eusebio
515 1229 661 1294 omissum
682 1251 767 1308 esse,
791 1251 896 1312 neque
917 1249 996 1291 uero
1013 1227 1081 1292 lroo
1104 1229 1165 1294 rni-

57 1357 151 1413 Ιιιιιι,
173 1335 205 1398 si
226 1330 315 1397 illios
336 1331 538 1418 diligentiam
558 1332 686 1419 fugerit,
709 1355 781 1398 oum
803 1333 848 1398 sit
860 1333 1066 1399 brevissisua.
1097 1331 1164 1399 Alli

72 1460 147 1504 reru
177 1457 326 1500 massam
356 1437 427 1520 ejus
455 1439 521 1516 rei,
552 1437 637 1520 quod
666 1459 726 1502 neo
756 1437 797 1502 de
825 1438 1019 1526 doemonum
1049 1451 1165 1502 natura
1212 1493 1216 1506 ,

72 1543 262 1627 quidquam,
286 1562 346 1605 nec
368 1562 425 1620 ea,
448 1563 528 1624 quoe
550 1541 704 1606 Iseustius
724 1540 923 1624 Byzantinus
945 1563 990 1607 ex
1011 1540 1071 1606 illa
1092 1541 1164 1610 lon·
1262 1583 1268 1606 .

71 1649 126 1712 dat
138 1649 192 1724 ¹),
214 1643 262 1708 ibi
282 1665 416 1726 usquam
439 1658 601 1724 ooourrat,
623 1648 657 1710 in
679 1645 1040 1730 pertranseuntem,
1069 1665 1165 1730 quam
1237 1632 1241 1652 ¹

71 1753 189 1816 laetam
220 1733 294 1813 esse
319 1751 390 1834 jaro
419 1769 464 1813 ex
494 1750 564 1832 ipsa
593 1749 748 1813 orationis
776 1748 935 1814 brevitate
965 1750 1045 1814 satis
1067 1771 1163 1832 posse
1252 1813 1257 1844 ι

70 1857 210 1941 perspici
237 1852 452 1944 arbitrantur„
480 1853 555 1938 ¹ligo
577 1871 655 1914 vero
677 1849 889 1917 mutilationis
910 1853 1051 1939 vestigia
1073 1853 1164 1918 nulla

72 1961 177 2026 rideo.
224 1957 393 2023 Orationis
407 1957 494 2019 enim
517 1961 789 2040 argumentum
811 1968 860 2020 est
874 1955 982 2020 brevis
1005 1955 1163 2040 expositio

72 2063 248 2137 rationum,
282 2059 395 2142 quibus
424 2059 575 2128 adductus
609 2071 720 2124 auctor
750 2057 953 2122 Christianus
980 2059 1084 2124 factrus
1114 2073 1165 2124 est

74 2171 114 2250 (c.
132 2167 190 2248 t.).
225 2164 406 2228 fastidium
426 2166 489 2247 ipsi
509 2177 678 2228 moverunt
699 2163 851 2226 instituto
870 2161 1058 2240 Gentilium,
1082 2183 1164 2246 quae
1191 2241 1194 2248 .

74 2272 154 2338 nihil
176 2291 309 2354 prorsus
325 2265 478 2346 habeant,
501 2269 586 2352 qnod
607 2267 736 2351 placere
751 2265 830 2332 Deo
847 2267 963 2350 possim
986 2265 1044 2330 Dii
1060 2268 1160 2330 omui·

73 2379 132 2444 bus
165 2376 256 2440 vitiis
285 2368 525 2454 sceleribusque
554 2375 657 2438 notati
679 2379 722 2456 (c.
746 2371 808 2448 2.l;
837 2369 956 2436 heroes
986 2371 1165 2438 efferninmi

71 2485 112 2568 (e.
129 2482 196 2560 3.);
219 2477 374 2544 solennes
395 2489 581 2556 convontus,
603 2476 766 2560 inquibus
785 2475 928 2557 luxuria,
949 2477 1063 2573 tibine)
1085 2496 1164 2540 uuo-

73 2589 196 2662 tioues,
232 2579 463 2674 baqohanalia,
494 2581 707 2644 maximorum
738 2579 935 2667 flagitiorum
962 2581 1165 2644 irritamenta

72 2694 206 2776 vigeam
236 2689 278 2771 (.
301 2685 373 2767 4.).Ι
407 2683 488 2749 Cum
516 2683 578 2749 hoo
607 2683 756 2748 ethnicae
785 2687 1022 2768 superstitionis
1052 2695 1085 2747 e't
1107 2683 1164 2763 de-

72 2793 270 2877 pruvationis
297 2789 425 2853 fastidio
453 2811 489 2854 so
519 2789 691 2872 conjunxit
717 2811 807 2860 amor
829 2803 862 2853 et
884 2785 1056 2856 admiratio
1079 2784 1165 2851 odri-
1271 2859 1276 2868 ¹

73 2899 201 2960 stiouue
216 2894 395 2960 doctr-issue.
431 2893 568 2958 Proinde
590 2891 735 2958 hortetur
758 2893 917 2972 Gentiles,
939 2905 976 2958 ut
997 2890 1165 2971 secedant,

71 3002 215 3080 discant,
244 3011 340 3082 atque
362 2999 424 3080 ipsi
444 2995 525 3085 fiant
547 3019 592 3062 ex
614 2997 767 3064 Ethniois
785 2996 974 3064 Christiani.
1019 2997 1064 3061 Se
1078 3019 1166 3080 quo·
1239 2981 1243 2988 ’

73 3129 131 3190 qua
144 3117 276 3188 captum
291 3103 394 3167 luisse
406 3101 549 3166 declaret
570 3103 705 3169 coelesti
727 3104 893 3170 doctrinae
915 3107 949 3169 vi
972 3115 1004 3167 et
1019 3100 1167 3196 effiuaciu
1186 3087 1189 3095 ι

73 3209 177 3288 verbi,
200 3193 286 3292 quod
307 3207 428 3272 sedatis
450 3209 576 3272 vitiosis
598 3207 766 3274 affectibus
783 3207 1048 3293 tranquillitatem
1066 3207 1166 3270 animi

74 3315 180 3378 adfert
206 3313 250 3393 (c.
275 3309 331 3394 5.).
376 3311 439 3376 llio
467 3311 548 3376 nihil
571 3334 651 3376 sane
674 3325 741 3392 est,
772 3313 855 3396 quod
881 3312 969 3378 ultra
989 3309 1165 3375 desideres.

74 3420 161 3504 Ergo
191 3415 325 3481 libellus
344 3415 407 3480 -hio
435 3430 549 3480 neuter
576 3429 626 3480 est
648 3439 782 3497 aornm5
806 3439 885 3500 quos
907 3413 1067 3481 Eusebius
1093 3411 1166 3478 lou·

74 3524 173 3588 desit.
216 3520 326 3607 Magis
342 3524 447 3587 ,etiam
469 3521 549 3586 mihi
578 3535 686 3588 movet
714 3521 843 3586 dubium
871 3518 972 3601 stylus
999 3517 1093 3603 louge
1114 3517 1165 3582 ds'·

74 3647 183 3692 uerssss
205 3648 226 3690 a
247 3625 369 3690 lustioi
390 3625 659 3710 alibiperspecta
681 3626 807 3692 dicendi
828 3627 1035 3710 proprietate.
1079 3621 1166 3688 Mire

76 3735 161 3795 enim
185 3737 286 3794 comto
310 3741 361 3794 est
382 3733 486 3796 oratio
511 3745 544 3795 et
565 3739 680 3816 uegeto
701 3730 773 3816 plus
795 3751 890 3823 quam
911 3733 945 3796 iu
969 3728 1034 3794 alio
1057 3727 1146 3814 aliqu

76 3835 194 3900 lustiui
223 3837 366 3922 genuino
395 3857 504 3918 opere.
557 3835 608 3902 Ad
637 3835 698 3900 hoo
728 3836 869 3916 aceedit,
897 3835 982 3920 quod
1010 3835 1167 3900 orationis
1192 3823 1196 3838 ⁴
1232 3889 1234 3896 ,

77 3952 186 4004 auctor
208 3951 312 4004 totum
332 3939 367 4004 id
389 3943 472 4026 agit,
494 3953 530 4004 ut
552 3941 711 4020 ostendat,
734 3962 829 4024 quam
850 3941 1043 4025 vaniloquiis
1065 3937 1166 4002 reler-

78 4058 141 4122 tus,
171 4065 266 4128 quam
288 4043 432 4132 flagitiis
446 4045 578 4112 intumis
600 4059 633 4110 et
654 4057 881 4132 conspurcatus
909 4057 996 4112 esset
1022 4066 1167 4133 pagano·

78 4131 283 4154 ——i—-—

144 4187 174 4250 u)
194 4185 301 4242 Cuntm
317 4183 431 4240 Noun.
455 4189 485 4240 st
501 4183 621 4254 Eutpci.
645 4185 690 4242 lib.
709 4185 744 4240 ΙΙ.
763 4186 790 4240 iu
810 4183 909 4241 urmu
925 4185 1059 4258 Spemeq.
1077 4185 1109 4242 Τ.
1129 4185 1164 4240 Ιῑ

80 4289 104 4342 ρ.
122 4280 180 4330 rss.
