2614 4790
468 312 477 322 “
546 282 645 400 'roe

68 546 120 628 4.).
155 543 227 611 lma
251 566 295 612 ne
311 544 475 612 Platones·
498 547 682 632 quidem-et
702 543 906 610 Aristotelea
929 547 1068 632 excipit;
1090 567 1156 614 non

68 655 147 718 enim
178 652 286 718 solnm
316 655 402 718 inter
431 675 485 733 se,
514 673 627 716 verum
659 653 757 716 etism
786 671 895 718 secum
926 655 986 736 ipsi
1015 665 1158 740 pugnant

68 764 105 842 (e.
128 758 253 841 5-8.).
298 757 414 844 Longe
435 757 607 824 dissimiles
629 755 826 842 Prophetae,
854 760 907 850 qni
930 779 994 824 non
1016 757 1176 824 humans¹
1258 771 1267 788 ‘

67 863 222 930 industria
252 861 311 928 sed
339 861 446 927 divino
470 860 591 946 Spiritu
619 861 751 927 afflante
773 865 943 928 veritatem
966 877 1159 946 occeperunt
1245 897 1247 904 ι

66 971 107 1052 (c.
130 947 189 1050 8.).
235 967 360 1032 Horum
382 969 502 1050 primns
523 963 630 1030 Moses
651 980 744 1046 erat,
766 969 857 1051 cujus
880 969 1055 1051 antiquitas
1075 967 1159 1034 mul·
1278 1043 1281 1052 ¹

67 1075 107 1136 tis
129 1073 325 1138 testimoniis
353 1071 515 1156 probetur.
559 1070 635 1136 Post
657 1070 743 1136 hunc
770 1073 872 1136 ceteri
900 1072 1051 1155 deinceps
1078 1071 1160 1150 illod

69 1176 187 1240 donum
210 1176 365 1254 divinitas
392 1177 500 1259 adepti
528 1188 604 1240 sunt
626 1179 668 1254 (c.
690 1181 721 1240 9.
748 1177 825 1257 ta).
871 1173 996 1253 Quodsi
1017 1199 1095 1242 vero
1118 1177 1175 1242 ad-

70 1279 210 1344 Orocala
238 1281 423 1368 confugient
445 1277 580 1358 Graeci,
609 1301 649 1343 es
677 1281 748 1362 ipss
777 1301 902 1364 quoque
932 1282 973 1346 ed
995 1279 1158 1344 Hebraeo-

68 1405 137 1446 rssss
158 1383 265 1451 sontes
286 1372 464 1470 respiciunt
485 1387 528 1468 (c.
552 1386 631 1467 ll.).
677 1385 828 1450 {loretum
849 1388 931 1451 sient
954 1399 1076 1450 certum
1099 1369 1160 1466 est,

69 1487 186 1554 Mosen
210 1503 244 1554 et
264 1489 443 1574 Prophetas
464 1477 665 1574 philosophis
688 1489 835 1556 omnibns
857 1490 1047 1555 vetustiores
1069 1507 1160 1580 esse3

69 1595 115 1658 its
144 1595 277 1660 eosdem
307 1617 431 1678 quoqne
458 1593 682 1679 Philosophos,
703 1615 768 1660 non
789 1617 884 1662 secus
906 1618 944 1659 ac
966 1595 1104 1676 Polites,
1123 1597 1161 1662 si

70 1699 123 1780 qui
145 1700 276 1763 veriore
299 1699 339 1763 de
361 1695 434 1762 Deo
459 1710 491 1760 et
511 1699 671 1786 religione
693 1702 900 1784 scripserint,
930 1723 970 1764 es
993 1723 1037 1766 ex
1060 1697 1162 1764 socss't

69 1800 314 1866 etimatiores
335 1801 499 1882 hausisse,
526 1804 623 1888 plane
645 1807 836 1890 penitusque
859 1807 1021 1870 convincit
1042 1807 1083 1888 (c.
1109 1810 1162 1872 12.

70 1906 151 1986 ta).
198 1905 240 1971 Et
269 1905 330 1971 hoc
353 1909 386 1970 in
409 1910 581 1972 secanda
609 1912 765 1975 orationis
792 1921 882 1992 porte
903 1908 1035 1973 uberius
1058 1929 1161 1992 expo·

71 2012 129 2072 nil.
167 2007 291 2074 Divina
313 2031 428 2094 nempe
443 2007 784 2096 pro'videntie'fsctom
807 2034 891 2090 esse,
913 2025 950 2076 nt
971 2011 1071 2076 mults
1090 2032 1162 2076 cum

72 2112 267 2178 Christianis
288 2115 441 2181 facientis
463 2116 517 2182 vel
538 2121 632 2182 inviti
653 2118 809 2196 dicerent,
831 2118 1021 2198 praesertim
1043 2117 1086 2194 ii,
1109 2108 1164 2198 qui

71 2221 104 2280 in
128 2219 278 2304 Aegypto
305 2221 426 2284 versati
447 2234 541 2300 sunt,
571 2234 604 2286 et
625 2219 727 2286 Masis
748 2222 914 2286 doctrinae
939 2217 1095 2307 ¹reliquias
1116 2217 1163 2284 ibi

72 2335 256 2388 asserentes
286 2322 654 2410 collegerunt(c.14,).
698 2325 737 2390 ln
759 2325 843 2390 hunc
871 2345 964 2388 nsum
992 2321 1165 2390 laudantur

73 2425 194 2512 Orphei
220 2427 260 2492 de
290 2450 354 2492 nno
383 2427 456 2494 Deo
487 2432 620 2514 ejusque
647 2429 757 2496 Verbo
788 2431 990 2506 testimonia,
1020 2421 1165 2508 Sibyllae

73 2535 171 2596 etiem
202 2545 237 2596 et
258 2530 388 2596 Homeri
416 2548 457 2598 et
479 2531 645 2618 Sophoclis
674 2547 706 2598 et
731 2531 933 2619 Pythagorae
962 2531 1002 2594 de
1032 2551 1095 2596 ono
1126 2551 1164 2596 ec

72 2635 230 2724 singulari
250 2635 325 2702 Deo
346 2639 529 2702 sententiae
552 2639 593 2722 (c.
618 2643 798 2724 15—20.).‘
825 2637 991 2704 Platones
1012 2639 1042 2702 si
1063 2657 1164 2720 qusn-

73 2740 252 2826 doqnidem¹
272 2740 381 2825 plnres
403 2741 494 2808 Deos
517 2742 679 2822 admittat,
708 2746 750 2810 ob
771 2759 893 2812 metuas
915 2743 1165 2811 Atheniensium.
1299 2783 1300 2800 ι

73 2845 237 2910 idlecisse
251 2857 395 2911 testatur.
442 2844 594 2912 Ceterum
614 2848 700 2912 idem
722 2829 767 2914 1ιιΙ
776 2851 925 2936 Aegypto
948 2847 1073 2912 videtur
1088 2869 1164 2934 cog·

74 2952 206 3016 noviue
235 2948 316 3015 illud
345 2949 411 3015 Dei
441 2952 576 3039 dictum:
608 2954 683 3018 soa
712 2952 767 3038 qos'
787 2973 868 3031 suas,
897 2951 1047 3018 similiter
1067 2950 1164 3018 illud:

76 3054 168 3132 Quod
189 3063 388 3139 emperors,
410 3075 473 3120 noa
493 3056 644 3142 gestitans.
688 3057 852 3120 Immerito
873 3057 972 3141 igitur
988 3053 1165 3123 Homerum

7 3211 8 3220 ,
75 3158 249 3224 sPlatone
272 3161 462 3241 vituperem
485 3180 559 3225 narn
583 3174 615 3242 et
636 3159 728 3226 illum
751 3161 786 3224 in
801 3159 949 3246 Aegypto
972 3155 1164 3244 cognovisse

75 3263 114 3327 de
150 3261 315 3348 sirtgslari
343 3261 416 3329 Deo
451 3266 493 3347 (c.
524 3265 690 3346 to-to.).
741 3263 849 3356 Ipsum
886 3285 963 3328 vero
993 3262 1168 3327 'Platonem

75 3367 177 3433 molto
198 3367 266 3434 elis
288 3391 307 3432 e
328 3365 421 3432 Mose
442 3380 619 3436 mutuatum
641 3391 727 3448 ease,
749 3367 874 3434 scilicet
895 3363 1123 3456 delPrepdets's
1145 3387 1166 3430 a

76 3469 145 3536 Dec
167 3471 306 3558 afflatis,
329 3470 367 3536 de
381 3470 523 3551 Jads'co‘o,
547 3474 587 3537 de
601 3471 848 3538 Resurrectioae
869 3476 981 3546 (osto.
998 3472 1076 3552 ta).
1111 3469 1167 3534 Sic

78 3591 109 3640 et
130 3573 299 3640 Homerum
327 3598 371 3641 ex
400 3577 515 3642 eodem
537 3577 627 3642 lente
649 3576 811 3645 delibasse
834 3577 1020 3640 testimonis
1047 3573 1168 3640 suade
1297 3597 1300 3602 ·

78 3678 184 3742 ardna
211 3681 247 3744 s‘a
268 3678 386 3761 s'afert's
415 3701 483 3744 eoas
513 3702 645 3766 corpore
666 3680 828 3758 cruciata,
856 3675 1099 3756 dementiores,
1127 3679 1168 3742 de
1211 3735 1222 3744 .

74 3783 253 3866 paradiso,
276 3783 315 3848 de
337 3785 423 3850 tart-i
444 3783 660 3869 Babylonica,
683 3785 722 3849 de
744 3783 869 3850 dadolo
893 3803 911 3846 e
933 3783 1016 3846 coelo
1033 3780 1167 3866 pracci-
1201 3804 1209 3814 ·

77 3886 181 3968 pitulo
204 3889 246 3972 (c.
270 3889 350 3970 aa).
393 3887 462 3955 Nec
484 3911 576 3956 secas
599 3887 745 3953 Platonis
766 3873 859 3953 ideae
881 3909 927 3953 ex
944 3886 1041 3952 Mose
1062 3889 1167 3952 minos

80 3988 162 4056 bene
183 3989 352 4058 intellecto
375 4007 480 4058 ortum
501 3992 701 4067 habueram
723 3991 873 4058 similiter
895 4011 1010 4056 carros
1023 3989 1113 4054 Jocis
1135 4001 1168 4052 et

80 4093 175 4180 ignea
202 4095 359 4176 emmila,
387 4099 421 4161 in
451 4121 514 4182 qne
535 4095 643 4162 Deum
658 4119 744 4162 esse
772 4098 859 4179 dicit.
903 4095 1041 4162 Videtur
1069 4096 1168 4158 etism

82 4197 201 4282 aliquid
221 4202 414 4288 cognovisse
438 4201 477 4264 de
498 4201 578 4265 dorso
595 4185 731 4266 'calices
753 4199 960 4266 descessdeate
981 4199 1015 4262 in
1037 4210 1168 4262 sanctos

82 4299 245 4381 hominess
266 4306 389 4389 pariter
410 4329 483 4372 esse
506 4329 552 4373 ex
572 4299 669 4374 Mose
692 4307 884 4384 desomtum,
907 4302 991 4389 qnod
1012 4301 1068 4402 aits
1089 4307 1166 4363 Μ·
