2686 4794
524 241 533 252 κ

90 525 183 592 licon
205 545 276 591 csse
298 546 319 588 a
340 522 413 592 Dso
435 524 533 591 Putre
554 527 711 612 genitum,
734 537 767 592 et
788 541 900 592 verum
920 524 1095 616 Hominem
1118 545 1163 592 ex
1198 583 1203 588 .
1231 531 1240 550 ⁸
1301 537 1305 546 ·

89 629 209 718 Virgine
237 641 357 702 natum.
400 630 432 694 Δ
454 628 583 696 Christo
613 630 704 712 Deo,
733 653 798 698 noo
820 654 841 697 a
862 631 975 709 nohis,
1004 611 1077 698 esse
1104 629 1164 698 bo·

89 756 152 800 oum
179 733 291 802 saiada
320 747 468 816 nosmet
498 749 532 800 et
559 737 689 802 divinae
718 737 961 803 misericordiae
991 747 1164 804 consente-

88 861 171 904 neum
196 839 313 918 fnisse,
341 852 377 906 at
398 840 500 906 Adam
525 841 648 924 priscos
675 841 809 905 ommam
829 840 969 907 solutam
991 861 1012 904 a
1035 837 1165 904 Christo
1224 829 1233 838 “

87 931 333 1028 consequeretur.
378 945 459 1032 Regi
481 944 568 1010 hunc
589 946 742 1011 mnndum
754 943 961 1028 procidentia
975 945 1071 1008 unius
1085 941 1163 1022 Dei,
1263 989 1266 996 ⁴

86 1047 198 1113 infinita
215 1061 266 1120 ,et-
281 1035 410 1132 justitia
438 1061 472 1113 ct
492 1050 636 1116 bonitate
658 1051 813 1136 praediti,
843 1062 879 1114 nt
899 1047 1005 1114 maior
1032 1045 1165 1131 plectat,

85 1154 137 1236 piis
162 1173 236 1217 vero
267 1151 406 1218 salntem
434 1141 633 1238 impertiatur
654 1173 697 1240 (c.
722 1153 887 1235 itt-ech.
933 1150 1107 1239 sicigitur
1129 1149 1165 1216 S.
1266 1127 1270 1156 ¹

85 1256 168 1320 Pater
188 1257 344 1322 adversus
364 1255 530 1322 Gnosticos
552 1261 784 1344 hypostaticam
801 1245 966 1322 hnmanae
988 1269 1021 1321 et
1034 1257 1164 1322 divinae

74 1371 204 1426 naturae
232 1364 270 1426 iu
301 1351 431 1427 Christo
460 1365 632 1444 unionem,
664 1363 817 1428 advereus
845 1359 1021 1428 Ediorrs'tar
1053 1369 1179 1438 seram'

84 1467 143 1547 ejus
163 1465 335 1545 deitatem,
364 1466 519 1534 adversae
539 1467 680 1532 Docetor
700 1489 812 1531 voram
841 1466 987 1550 ejusdem
1014 1464 1163 1530 hnmani-

84 1579 184 1648 tatem,
213 1571 371 1636 adversas
398 1569 570 1664 Tuticum
590 1593 794 1640 communem
823 1573 965 1636 omnium
987 1569 1163 1640 redemtio÷

83 1695 155 1754 nem,
177 1675 334 1762 adversus
348 1673 547 1741 Marcionem
568 1677 634 1756 Dei
655 1677 891 1760 providentium
913 1687 947 1740 et
964 1677 1094 1771 justam*
1109 1693 1162 1738 re·

83 1783 327 1846 munerationem
357 1781 511 1848 defendit.

447 1999 453 2014 ¹
486 1973 540 2038 dd.
569 1964 666 2038 Libri
683 1972 708 2038 1
710 1971 745 2036 V.
1151 2049 1152 2052 Ἴ

151 2093 182 2179 d·
201 2101 312 2171 8200
356 2093 517 2178 Pleraque
538 2096 572 2158 in
594 2096 760 2178 superiore
781 2075 866 2159 lihro
882 2093 1033 2174 exposita
1047 2093 1082 2156 in
1099 2091 1163 2159 hoc

80 2205 180 2278 quomo
198 2219 316 2264 rursm
337 2185 394 2285 sed
416 2198 544 2262 aliter
565 2211 753 2278 tractantur,
777 2221 807 2262 a.
830 2219 880 2284 gr.
899 2193 1063 2260 Christum
1085 2215 1161 2282 eog-

81 2304 191 2368 novisse
220 2307 324 2387 adilae
353 2303 518 2384 docuisse,
547 2325 645 2370 unum
673 2303 778 2370 solum
806 2325 879 2369 esse
901 2301 1011 2367 Deum
1032 2297 1161 2364 Patrem

81 2425 173 2480 mum3
199 2406 314 2472 Deum
341 2429 452 2472 verum
480 2409 600 2474 idcirco
629 2431 694 2474 oon
717 2410 866 2475 desinere
889 2405 1102 2482 autmutari,
1132 2405 1160 2468 si

83 2505 298 2595 iherosolyma
321 2531 434 2577 eversa
456 2515 510 2592 sit,
532 2527 587 2578 aut
608 2513 753 2596 cociam,
776 2515 872 2580 sedes
895 2515 983 2598 ejus,
1007 2522 1159 2586 ortena,
1185 2573 1190 2588 ,

81 2615 307 2696 suppedaneum
328 2615 444 2698 pedam
468 2619 556 2702 ejus,
585 2632 807 2702 praetoremn
830 2617 955 2696 Deum,
985 2615 1094 2698 quiin
1117 2609 1159 2678 V·
1185 2605 1189 2613 ¹
1224 2674 1229 2703 ι,

82 2712 114 2778 Τ.
134 2741 186 2800 per
208 2718 385 2804 prophetas
406 2721 532 2786 locums
555 2735 621 2797 est,
644 2745 710 2788 non
733 2722 834 2788 alium
857 2742 930 2786 esse
953 2742 992 2786 ac
1014 2718 1158 2784 condito·
1201 2806 1202 2809 Ἴ

81 2840 136 2884 rem
155 2819 239 2888 Novi
267 2823 410 2891 foederis
433 2839 466 2890 ct
486 2827 716 2892 patrensem
740 2825 879 2904 Christi,
908 2826 962 2908 qni
991 2835 1101 2888 notam
1123 2823 1157 2896 ia
1187 2845 1198 2872 ·

80 2938 198 3011 oroque
220 2940 417 2994 testamento
439 2929 622 2996 hominihus
644 2953 680 2997 se
702 2930 790 2998 iecit.
834 2927 1006 3014 Nunquam
1028 2927 1157 3006 Filimn,
1289 2948 1298 2958 ·

80 3030 131 3094 uisi
155 3031 325 3098 revelante
346 3033 461 3114 Patre,
490 3057 551 3102 nec
572 3037 701 3102 Patrem
728 3057 886 3120 nequem,
915 3035 977 3100 nisi
999 3031 1084 3098 Filio
1105 3053 1158 3096 re·
1185 3115 1187 3120 ,
1248 3110 1249 3113 Ἴ

79 3133 212 3218 velante,
244 3141 409 3224 cognitum
436 3140 535 3206 fuisse
557 3141 682 3224 probet.
727 3139 781 3204 Sic
803 3137 969 3206 Abraham
991 3135 1158 3202 revelante
1262 3197 1270 3216 ,

79 3237 174 3306 Verbo
203 3241 397 3332 cognovisse
428 3231 558 3312 Patrem
588 3258 620 3310 et
653 3243 833 3318 adventum¹
854 3241 932 3308 Filii
961 3241 1037 3308 Dei.
1088 3237 1158 3307 Nec
1256 3241 1257 3246 ’

78 3343 216 3410 dhrehoe
230 3345 350 3425 solnm,
372 3348 432 3412 sed
447 3362 480 3413 ct
495 3351 630 3414 seminis
647 3351 718 3432 ejus
733 3347 891 3434 (fidelium
907 3347 1045 3429 scilicet)
1063 3345 1156 3414 Chri-

77 3459 147 3513 stum
173 3451 277 3516 foisse
305 3452 464 3516 vindicem
492 3475 530 3520 ac
558 3453 753 3520 salvatorem
775 3455 816 3537 (c.
842 3453 965 3536 1—9.).
1010 3453 1157 3520 Eundem
1193 3525 1195 3537 Ι
1290 3450 1294 3456 ’

78 3573 137 3616 esse
164 3554 335 3640 rariusque
363 3555 447 3644 legis
474 3571 654 3637 auctorem,
686 3558 824 3624 eundem
845 3556 943 3622 iincm
972 3568 1005 3621 et
1026 3579 1156 3642 scopum
1250 3599 1254 3612 ι

75 3663 286 3744 praecipuum
308 3661 341 3726 id
362 3663 438 3728 inde
460 3661 581 3748 liquido
603 3677 733 3750 patere,
756 3665 841 3748 quod
864 3662 1012 3729 Christus
1034 3684 1158 3730 smume

75 3730 190 3830 icteris
214 3763 429 3832 Testamenta
449 3783 620 3856 praecepta
648 3770 904 3848 confirmaverit,
935 3789 973 3832 ac
995 3789 1031 3833 sc
1053 3771 1156 3852 ipsum

74 3861 229 3936 Mosaicae
252 3869 458 3958 legis'iinem
480 3897 552 3941 esse
576 3875 736 3954 docuetit,
767 3897 832 3938 non
855 3853 1037 3940 dissolvens
1059 3885 1153 3937 natu-

74 3970 163 4037 ralem
184 3973 313 4061 legem,
344 3977 401 4062 scd
419 3979 498 4068 jugo
520 3983 641 4046 veteris
662 3980 747 4066 legis
769 3992 865 4064 atque
886 3977 1024 4066 maculis
1051 3977 1154 4042 disso-

75 4070 139 4142 lutis
158 4078 192 4144 id
215 4077 374 4160 efficiens,
396 4095 433 4147 nt
446 4083 602 4150 hominos
625 4108 684 4150 cen
698 4084 760 4150 filii
781 4083 884 4152 libere
902 4095 1055 4168 pararent
1068 4079 1152 4146 Dco.

75 4175 143 4246 Cum
165 4197 275 4250 eutem
290 4184 460 4252 Haeretici
480 4189 572 4272 plura
593 4192 628 4254 in
650 4192 754 4254 veteri
768 4200 969 4260 ,testamento
993 4187 1154 4252 contraria

75 4299 146 4350 roso
161 4310 235 4354 esse
251 4289 442 4374 objicerent,
460 4291 535 4359 huic
550 4308 739 4383 argumento
753 4295 826 4362 fuse
841 4291 1025 4377 respondet,
1042 4302 1150 4356 osten·
