2614 4790
550 305 623 374 185
666 272 671 284 “

478 395 688 416 ι-ιι-ιι-ιιιιῆ

77 533 175 590 sontem
194 533 223 588 et
244 523 424 588 redeuntem
445 520 545 586 oelods'
566 520 692 594 radium
713 519 787 586 solis
801 521 833 603 ῃ)
850 565 859 586 .
877 566 886 585 .
907 566 915 584 .
963 521 1040 597 Quis
1068 519 1135 607 igt-

77 639 114 694 tso
129 649 183 692 mu
200 628 348 705 miretur,
378 646 445 690 oum
467 625 573 690 atheos
594 625 706 690 uocari
727 625 842 714 uuds‘ut
863 647 932 705 eos,
956 626 1012 712 pus'
1033 623 1141 690 Deum

76 733 176 798 Putrem
202 739 232 795 et
257 725 379 797 dilium
406 729 508 794 Deum
538 737 570 794 et
598 729 758 814 Spiritum
787 729 941 794 Sanctum
971 737 1136 807 osseo-osui,

75 857 208 930 meumque
230 844 260 899 et
280 835 322 902 iu
343 834 484 898 unione
500 835 729 918 potentium
757 841 789 898 et
814 834 856 898 s'u
884 833 1028 914 ordipe
1056 834 1134 898 dis-

75 940 276 1005 tinctionem
302 939 528 1003 demenstruut.
544 941 576 1022 3)
604 975 648 988 —-
676 935 753 1005 Noli
774 961 853 1003 vero
876 953 1007 1024 putare,
1034 939 1136 1006 Athe·

74 1067 198 1132 mpooam
217 1043 390 1122 dicentem,
421 1041 550 1106 Ver'dum
566 1043 706 1126 pm'mum
729 1065 795 1108 esse
810 1042 923 1110 Putris
939 1045 1137 1133 progeniem,

73 1149 178 1234 perinde
198 1150 373 1231 pandum,
411 1151 509 1213 etiem
534 1143 565 1214 ¹F
567 1148 658 1214 ilium
691 1149 757 1215 Dei
793 1150 932 1235 coepisse
965 1149 1137 1236 aliquando
1251 1159 1255 1174 '

74 1234 203 1318 existere.⁸
232 1253 365 1317 Etenim
380 1251 437 1316 ille
466 1253 570 1336 seium
592 1252 629 1318 ud
651 1251 803 1338 γεννητόν
823 1257 969 1338 eoepitse
990 1251 1137 1338 aliquan-

72 1362 101 1424 do
124 1362 255 1424 existere
285 1357 443 1437 affirmet,
474 1357 591 1422 Filium
613 1357 679 1423 Dei
707 1381 783 1423 vero
813 1357 982 1444 γενόμενόν
1003 1381 1036 1423 τι
1064 1381 1137 1424 esse

71 1465 166 1528 diserte
186 1477 291 1550 negat.
338 1459 429 1528 Neve
451 1475 555 1544 putes,
577 1462 685 1528 verbis
707 1462 791 1528 illio:
820 1461 871 1527 At
894 1471 1025 1527 uetemo
1046 1459 1139 1528 Deus

70 1567 181 1632 iudedot
198 1568 233 1632 iu
253 1589 287 1632 se
300 1565 370 1652 ipso
385 1563 508 1648 Λόγον,
530 1573 640 1649 utpote
662 1564 701 1629 ud
726 1573 855 1630 aeterno
875 1565 1012 1652 λογικός,
1035 1553 1137 1635 Athe·

71 1693 196 1760 mgomm
224 1674 381 1736 insensu
410 1671 546 1754 quodem
570 1668 757 1735 satelliam
778 1673 826 1736 oti
848 1671 1003 1738 voluisse.
1046 1671 1138 1736 Idem

71 1779 136 1840 enim
161 1775 224 1842 alio
251 1775 327 1841 loeo
349 1778 515 1857 perspicue
537 1773 666 1839 Patrem
689 1787 721 1839 et
742 1775 863 1854 Filium
892 1799 919 1841 u¹
934 1799 970 1842 ee
997 1779 1137 1842 inuicem

70 1881 217 1967 distinguit,
239 1877 296 1963 ubi
319 1900 377 1960 per
397 1877 641 1944 similitudinem
663 1879 705 1944 ad
726 1879 775 1945 Μ.
799 1880 967 1946 Aurelium
991 1895 1023 1946 et
1039 1879 1136 1947 Com-

70 1985 173 2050 modum
193 1988 423 2069 imperatoroe:
453 1983 565 2062 Licet,
590 1987 652 2064 ait,
675 1984 711 2047 t'u
732 1969 879 2050 vobismet
900 1985 982 2070 o'pot's
1005 1983 1138 2050 coeleste

70 2109 173 2175 regnum
187 2087 350 2172 spectetis.
398 2085 654 2163 Quemadmodum
669 2087 750 2151 enim
770 2086 871 2178 Vobis,
889 2089 986 2173 putri
1002 2096 1034 2151 et
1046 2086 1137 2168 filio,

66 2202 161 2274 posent
181 2192 304 2270 σηπίας
326 2236 335 2254 .
355 2235 364 2254 .
386 2192 437 2254 itu
458 2191 528 2256 Deo
550 2191 647 2256 Putro'
668 2177 794 2276 ejumue
823 2191 937 2273 Verbo,
968 2212 1057 2279 quem
1076 2187 1136 2257 Fo-

68 2293 189 2360 io'ummou
200 2293 414 2382 separabilem
426 2315 493 2359 esse
505 2294 724 2382 intelligimuo‚
738 2295 841 2360 omnia
852 2295 995 2381 sudjeotu
1008 2303 1092 2367 suut·
1104 2297 1136 2379 ⁴)

72 2397 150 2463 disum
170 2401 297 2466 seilicet
319 2403 464 2487 regimen
487 2415 547 2478 eet,
570 2403 738 2484 imperium
751 2401 1002 2482 monarchiam,
1025 2423 1135 2485 quam·

68 2506 103 2568 oio
121 2506 195 2570 duue
215 2508 283 2571 aiut
305 2527 463 2590 personae
485 2519 677 2592 regnantem
706 2505 810 2570 altera
833 2509 919 2570 enim
943 2505 1038 2571 elteri
1060 2523 1135 2569 auo·

68 2609 204 2674 mitatem
232 2631 328 2676 suam
355 2610 500 2675 referens
528 2623 662 2694 utraque
691 2613 782 2674 unite
811 2610 978 2676 voluntate
1002 2623 1035 2674 et
1058 2631 1135 2674 oon-

65 2715 161 2793 junotio
182 2720 214 2780 in
237 2736 340 2780 unum
362 2716 478 2780 animis
499 2735 633 2800 regnum
662 2716 873 2780 administrat.
917 2713 1031 2800 Neque
1053 2713 1136 2780 illud

67 2815 180 2896 pitemm
200 2819 432 2906 Athenagorae
454 2817 603 2883 verbum:
632 2815 778 2903 Spiritus
801 2817 942 2884 Sanetus
964 2817 1138 2904 effluentia

66 2931 100 2982 est
117 2922 177 2987 Dei
197 2943 351 2987 mortuus
373 2930 404 2986 et
426 2922 561 3000 redimes,
587 2921 725 2990 Sabellii
747 2945 891 2989 errorem
913 2927 1025 3008 sapit,
1045 2922 1136 3006 quasi

67 3046 120 3090 eam
145 3047 260 3090 merum
281 3024 418 3112 δύναμιν
443 3029 478 3091 in
499 3025 605 3092 Patris
633 3040 756 3093 tantum
787 3031 931 3093 essentia
957 3027 1136 3094 subsisten-

66 3141 116 3193 tem
135 3143 166 3195 et
185 3129 427 3215 impersonalem
455 3131 615 3216 quandam
637 3135 875 3198 emanationem
902 3133 1136 3198 intellexisset.

67 3232 164 3316 Aperte
178 3239 265 3301 enim
279 3257 353 3301 eum
368 3235 495 3301 aPatre
510 3233 657 3320 Filioque
671 3235 782 3300 ordine
804 3237 1000 3318 distinctum,
1024 3252 1056 3302 et
1068 3239 1136 3321 qui·
1175 3234 1176 3238 ’

66 3335 122 3402 dom
140 3343 221 3418 inter
237 3340 364 3405 divinas
376 3340 536 3408 Personae
555 3337 651 3405 tertio
672 3341 745 3408 looo
768 3348 869 3428 ponit,
894 3359 927 3410 et
949 3365 1005 3430 pao
1023 3365 1138 3409 vocem

66 3459 229 3509 enuuuus
252 3467 311 3510 seu
332 3443 509 3528 procedens
532 3447 661 3511 nonnisi
683 3428 908 3534 modom,'quo
930 3449 1059 3534 prodiit,
1083 3471 1136 3514 ao-

67 3551 183 3614 mratiut
211 3547 390 3636 signifieat,
421 3550 546 3616 scilieet
575 3551 658 3634 quod
679 3573 744 3617 non
773 3555 816 3618 eit
836 3553 965 3640 gemitus
987 3575 1007 3618 a
1028 3553 1136 3634 Patre,

66 3649 109 3714 ud
123 3654 305 3734 procedens,
327 3675 432 3738 neque
456 3657 544 3738 (quia
565 3656 726 3722 secundus
749 3657 868 3723 aFilio
885 3657 1015 3742 prodiit)
1038 3657 1138 3724 asolo

67 3749 160 3835 Pauo,
189 3755 249 3823 sed
269 3780 290 3821 u
311 3757 413 3823 Patre
434 3754 584 3846 Pilioque
606 3761 902 3848 simulprooedene
923 3763 1136 3853 intelligatur.

68 3855 190 3926 Eandem
212 3865 246 3927 in
268 3865 392 3930 unitate
414 3865 592 3930 trinitatem
615 3867 782 3954 distinguit
803 3867 883 3934 olibi
905 3871 1025 3955 apertis
1045 3867 1137 3934 hiooe
1224 3895 1228 3904 ·

68 4031 253 4050 R·-

122 4127 224 4202 ot‘toio.
243 4161 265 4197 u
285 4151 324 4212 ιθ,
343 4163 368 4214 p.
386 4147 438 4199 3⁰⁴
455 4163 495 4216 eq.

121 4229 148 4290 i)
165 4229 226 4284 ibid.
244 4249 269 4302 p.
286 4236 355 4298 ³⁰53
374 4227 414 4284 cf.
433 4247 455 4286 e.
475 4237 517 4300 td,
535 4251 561 4304 p.
579 4237 639 4290 822.

122 4315 149 4377 t)
165 4315 225 4371 inid.
243 4333 265 4372 o.
284 4323 317 4372 18
333 4319 412 4386 med,
430 4336 455 4392 p.
473 4322 533 4376 81².
