2686 4794
85 531 93 558 ⁸
157 518 321 585 sneedotis
340 531 364 581 'a
386 513 573 598 Ghrimoph.
588 511 712 580 Mons.
734 511 852 580 mutuo
875 513 1035 602 evulgatis
1055 535 1177 582 reema
1192 515 1250 580 Ve-

47 599 52 610 ‘
93 606 98 634 ¹
147 629 222 686 m.
247 628 344 689 1734.
360 618 394 702 f.
425 619 474 686 'Is
494 619 624 684 Irenaei
645 617 765 684 Libros
787 615 820 684 V
842 619 882 683 ad
902 617 984 685 Mss.
1009 617 1108 686 Codd.
1131 620 1251 687 Rorna-

159 747 238 805 nos,
263 724 453 792 Gallicanos
476 737 510 789 et
531 716 730 810 Anglioanos
751 743 878 789 necnon
901 724 942 788 ed
964 725 1160 808 antiquiores
1181 726 1251 791 edi-

151 833 266 898 tiones
289 831 397 895 denno
419 830 601 916 castigavit,
623 829 718 892 novis
738 827 928 914 fragmentis
949 829 1074 916 graecis
1092 831 1195 909 auxit,
1219 841 1255 895 et

74 945 77 960 '
157 933 438 1000 observationibus
461 954 499 999 ao
522 935 619 1011 notis,
642 929 935 1016 copiosissimisoue
956 932 1124 1020 giomriis
1146 945 1180 1000 et
1199 937 1252 1000 in·

67 1031 73 1039 ’
157 1039 281 1106 dioibns
303 1039 489 1104 illustravit.
533 1037 671 1103 Additus
683 1049 758 1102 sunt
772 1049 839 1101 tres
853 1035 1127 1114 Dissertationum
1148 1041 1254 1122 prims

157 1145 198 1210 de
221 1143 425 1222 Enerensis,
450 1163 528 1226 qnos
549 1143 716 1206 reeensuit'
735 1141 908 1222 lrenoeus,
938 1143 979 1208 de
1002 1162 1116 1210 eorum
1135 1165 1253 1229 nempe

160 1249 296 1326 notibus,
319 1249 446 1330 seriptis
469 1267 508 1310 ao
530 1245 696 1319 doetrina3
718 1245 859 1310 seeundo
882 1245 923 1330 de
944 1245 1073 1313 hennei
1093 1251 1172 1328 vita,
1193 1269 1253 1336 ge-
1340 1307 1341 1310 ,

158 1356 218 1420 stis
249 1365 282 1416 et
310 1354 454 1434 scriptist
482 1351 579 1416 tertia
606 1349 647 1414 de
676 1350 747 1432 ejus
776 1348 922 1414 doctrina
949 1355 1096 1436 exponit.
1125 1350 1255 1438 'Hujus

159 1457 331 1524 Maur-inae
348 1451 502 1521 editionis
515 1465 627 1518 textus
647 1473 779 1518 neonem
802 1467 853 1520 est
868 1453 1088 1549 *Wmtorgt
1108 1465 1140 1521 et
1155 1455 1253 1522 Boss-

159 1561 249 1646 berg.
275 1565 370 1628 1703.
398 1566 430 1625 8.
530 1617 533 1626 r

549 1763 599 1852 G.
636 1763 862 1884 Duomine.

269 1958 280 2031 ’,
381 1953 420 2019 t.
448 1942 750 2020 Observationes
778 1943 1029 2040 dogmaticae.

362 2135 392 2177 n.
426 2111 487 2178 De
523 2110 559 2178 S.
598 2109 853 2199 Scripturas
887 2135 1051 2180 cottone.

249 2235 277 2321 §·
301 2243 398 2312 231·
444 2233 505 2298 SS.
537 2234 716 2320 Scripturas
745 2235 849 2300 Deum
875 2239 977 2320 ipsum
1007 2248 1171 2300 auctorem
1193 2237 1252 2303 ha·

162 2339 259 2420 bere,
283 2353 316 2404 et
339 2341 410 2424 ejus
432 2342 545 2423 spiritu
567 2340 698 2405 afflante
721 2353 875 2406 exaratas
898 2363 988 2420 asse,
1018 2341 1135 2406 iterum
1158 2353 1255 2426 atque
1301 2353 1303 2364 '

163 2447 278 2510 iterum
300 2442 468 2530 profitetur
488 2439 655 2508 lrenadus.
702 2441 895 2529 Scripturas
911 2441 1082 2527 perfectae
1097 2451 1180 2522 mvn,
1203 2447 1254 2512 in·

164 2551 242 2634 quit,
265 2547 383 2632 quippe
405 2569 426 2610 o
455 2545 552 2611 Verte
572 2546 639 2611 Dei
660 2555 692 2613 et
714 2545 845 2632 Spiritu
867 2549 935 2632 ejus
958 2547 1076 2612 dictae.
1092 2551 1123 2627 ¹)
1137 2585 1180 2598 -
1203 2550 1256 2616 Ad

162 2673 274 2738 sacrae
298 2665 407 2716 autem
422 2651 605 2736 Scripturas
629 2673 776 2732 canonem
798 2653 882 2739 qnod
905 2655 1030 2733 attinet,
1055 2666 1176 2720 eertum
1193 2668 1256 2735 est,

163 2755 205 2822 ab
236 2778 274 2822 eo
301 2755 427 2840 Moysis
449 2756 721 2838 Pentateuohum,
751 2756 852 2822 libros
882 2755 1004 2822 Josuae
1036 2769 1068 2822 et
1094 2757 1256 2838 Judieum,

164 2873 298 2950 quatuor
309 2859 413 2926 libros
429 2861 574 2948 Regum,
588 2861 746 2943 Psalmos,
768 2857 945 2928 Proverbia
958 2861 1152 2942 Salomonis,
1175 2862 1254 2929 Pro·

163 2965 290 3054 photius
302 2965 421 3045 Isaiae,
434 2964 610 3046 Jeremiae,
633 2963 831 3046 Ezechielis,
846 2963 1010 3047 Danielis,
1034 2955 1153 3046 Oseaa,
1177 2967 1253 3034 1οὸ-

97 3147 100 3152 ,
162 3047 217 3152 lis,
239 3073 359 3151 Amos,
383 3069 504 3150 Jonae,
527 3069 711 3150 Michaeas,
734 3069 901 3150 Habaoue,
925 3069 1103 3136 Zachariae
1127 3085 1160 3136 et
1180 3061 1255 3138 Ma·

163 3173 293 3243 luchiae
322 3178 407 3240 inter
434 3175 553 3240 veteris
573 3175 759 3240 testamenti
780 3173 883 3240 libros
905 3175 995 3241 velut
1015 3199 1124 3243 sauros
1148 3190 1180 3242 et
1202 3201 1255 3243 oa·

166 3283 300 3347 nonioos
324 3279 467 3353 laudari.
511 3279 655 3346 Adonei
682 3292 789 3345 autem
817 3283 1002 3345 testamenti
1024 3281 1151 3347 codices
1173 3268 1257 3366 quod

154 3396 299 3470 spectat,
323 3407 434 3450 omnes
458 3385 588 3449 omnino
611 3397 770 3464 recenset,
794 3387 940 3470 exeeptis
962 3383 1055 3451 Pauli
1079 3387 1120 3451 ad
1145 3385 1257 3452 Philo·

164 3511 315 3570 monem,
338 3489 468 3568 Jacobi,
492 3489 613 3568 Judae,
640 3487 673 3552 11
695 3487 783 3553 Petri
806 3502 839 3552 et
861 3487 1257 3575 111JonnnisEpistolis.

166 3595 336 3672 Quaenam
359 3617 404 3659 ex
426 3593 477 3659 his
505 3593 597 3658 libris
620 3595 804 3658 testimonia
827 3593 970 3676 adferat,
999 3597 1101 3663 index
1122 3621 1143 3662 a
1164 3579 1256 3664 Mas·

165 3713 258 3766 sueto
282 3703 491 3765 concinnatus
515 3697 661 3763 exhibet.
677 3699 711 3773 ²)
755 3699 903 3782 inprimis
925 3723 1003 3767 vero
1026 3714 1137 3767 notatu
1160 3703 1259 3792 digna

165 3819 259 3887 sunt,
288 3828 370 3890 qnae
401 3803 436 3870 S.
459 3803 555 3869 Pater
583 3801 623 3867 de
652 3811 789 3889 quotuor
815 3801 1010 3892 Euangeliis
1040 3805 1127 3872 dicit.
1171 3799 1257 3884 Non,

165 3907 286 3996 inq'uit,
310 3929 375 3992 per
397 3897 478 3972 ulios
508 3907 876 4012 dispositionem‘oalutis
897 3917 1027 3974 nostroe
1049 3907 1259 3996 unguentum,
1296 3910 1302 3917 ’

237 4121 266 4188 1)
284 4121 352 4174 Λᾶν.
375 4119 484 4174 Haeres.
502 4107 562 4172 mi.
580 4117 614 4170 11.
633 4133 656 4173 o.
675 4125 717 4173 28.
736 4135 775 4171 nr.
794 4125 823 4186 2,
848 4120 875 4173 in
893 4119 934 4188 Ei.
954 4119 1021 4190 Opp.
1040 4136 1107 4173 omn.
1126 4119 1168 4173 ed.
1186 4119 1259 4172 Mas-

166 4207 234 4262 susti
252 4208 359 4272 (venet.
380 4207 454 4258 1⁷³4.
473 4205 506 4266 f.)
524 4205 557 4260 P.
574 4205 596 4256 1.
614 4223 640 4276 p.
659 4208 717 4260 150.

234 4294 265 4357 t)
282 4293 311 4346 iu
328 4293 432 4346 musei
450 4291 518 4364 Opp.
536 4290 598 4346 edit.
617 4307 697 4363 supra
713 4291 782 4346 lsud.
800 4291 833 4346 P.
851 4293 874 4346 1.
891 4309 919 4364 p.
936 4297 1083 4350 tar-sos.
1138 4307 1153 4367 ,·
