2614 4790
388 295 818 420 ...εει

57 545 109 590 nn
129 520 280 588 umnec
308 529 374 585 turs
397 517 549 599 temporis
562 513 757 592 onasus·
785 528 818 580 at
840 513 877 581 S.
898 515 1116 585 tantumno

55 627 169 692 brerimi
196 620 348 707 apologia
374 619 613 701 multa..peueis
642 619 806 704 tetigisse,
836 640 918 702 quae
941 619 1118 704 jemallet

53 751 109 794 sese
126 727 243 792 indicat
264 736 491 809 pertractasse.
535 720 629 790 Unde
651 720 770 806 liquet,
799 723 880 788 dnos
900 721 1000 790 sitisse
1019 745 1116 808 pects·

51 832 132 896 limo
157 829 273 906 libros,
303 838 337 894 et
364 825 536 892 trecium
564 826 694 910 quidem
723 830 785 908 (uti
812 849 895 895 nunc
917 826 1134 894 demensum.

52 933 147 1016 linus)
165 947 309 1018 tsnpors
327 929 535 1014 posterius
557 929 751 1016 evulgatum.
1181 929 1183 936 ⁴

305 1085 333 1150 i)
359 1085 401 1139 De
418 1091 548 1157 tempore,
571 1087 753 1172 quo'seriptse
770 1091 839 1138 sunt

118 1191 142 1276 ξ.
163 1197 261 1266 130.
313 1185 350 1253 lu
379 1187 518 1275 vulgatis
546 1185 779 1274 antiquioribus
806 1185 1000 1252 editionibus
1030 1186 1116 1270 Apo-

49 1295 120 1382 logia
138 1294 262 1380 longior
286 1291 424 1357 treton
439 1291 655 1375 postpositos.
701 1293 857 1358 Caussam
880 1289 977 1378 hujus
1000 1295 1118 1368 errotis

49 1404 115 1463 inter
140 1397 203 1462 aliu
230 1397 373 1483 fortassp
397 1397 484 1461 dedit
504 1393 663 1460 Eusebius
677 1397 725 1477 ¹),
754 1399 807 1479 qui
828 1395 934 1460 locum
957 1397 1117 1478 quendam

49 1525 82 1570 cx
104 1503 236 1566 breviori
266 1499 304 1564 S.
327 1501 448 1566 Justini
479 1499 627 1587 apologia
651 1499 771 1578 adfert,
795 1499 923 1578 dicens,
947 1521 1021 1564 eum
1044 1520 1117 1566 esse

49 1631 81 1673 cs
99 1610 196 1692 priore
218 1609 327 1689 eoque
349 1603 496 1690 longiore
513 1602 723 1690 Apologe'tioo
746 1601 937 1670 desumtum.
983 1601 1049 1668 set
1066 1604 1119 1670 htc

48 1725 135 1794 aperte
156 1707 282 1773 coloni
303 1727 394 1771 error
416 1723 475 1786 est,
497 1703 568 1774 cum
590 1709 619 1773 is
640 1709 709 1796 ipse
732 1694 842 1792 cupite·
859 1709 1070 1774 antecedente
1086 1723 1119 1774 et

48 1815 237 1898 subsequente
263 1811 404 1878 eandem
417 1803 584 1896 'posterius
614 1814 733 1878 editum
756 1823 902 1876 testetur.
946 1811 1024 1878 Post
1050 1811 1117 1878 lil-

47 1915 247 1998 tmutiw)
286 1915 377 1980 nulla
409 1915 543 2000 emplius
572 1907 704 1982 hac'de
733 1939 770 1980 re
804 1921 1022 1982 controversia
1057 1933 1117 1984 est.

48 2021 131 2104 itque
147 2019 322 2104 primast
344 2016 537 2104 Apologiam
554 2017 671 2083 Romae
693 2043 766 2084 esse
790 2021 969 2084 conlectam
992 2045 1036 2086 ex
1052 2025 1118 2088 En·

48 2125 117 2191 sebio
131 2125 328 2212 colligimus.
344 2125 376 2205 ⁸)
422 2121 487 2198 Quo
507 2143 591 2187 anno
612 2124 644 2187 id
665 2123 783 2189 luctum
806 2125 860 2202 sit,
884 2128 1027 2207 quentvis
1049 2129 1119 2210 ipse
1232 2153 1235 2170 ·

48 2231 152 2313 quiden
175 2231 328 2296 lustinus
350 2241 425 2294 tunc
448 2251 550 2316 annm
573 2251 593 2293 e
616 2227 693 2294 chr.
716 2251 750 2293 n.
774 2241 901 2292 centnm
915 2241 949 2293 et
963 2231 1119 2314 quinque·

46 2337 116 2418 ginta
136 2345 325 2399 numeratos
349 2355 420 2398 esse
443 2333 593 2398 observet
607 2333 657 2414 ⁴);
686 2333 911 2418 tumen„quia
934 2355 999 2397 non
1020 2333 1120 2416 probe

47 2440 158 2517 seium,
187 2461 206 2502 s
230 2459 299 2522 qno
324 2458 410 2502 anno
433 2435 468 2501 S.
491 2435 616 2520 Martyr
636 2439 794 2520 inceperit
816 2433 996 2501 Salvatoris
1020 2441 1120 2506 nostri
1223 2453 1225 2460 ‘

46 2545 226 2608 nativitatem
260 2553 461 2624 computare,
489 2563 554 2606 non
583 2543 629 2604 ita
655 2539 752 2605 facile
778 2561 946 2624 possumus
970 2552 1136 2606 accurate·

46 2643 170 2711 definire.
214 2643 286 2712 Nos
316 2647 357 2710 iis
380 2647 576 2726 accedimus,
605 2646 660 2729 qni
687 2665 760 2710 eam
787 2665 872 2710 euno
901 2647 1035 2710 ineunte
1060 2653 1122 2714 139

47 2763 195 2815 exoratam
225 2763 376 2815 censent.
420 2747 555 2814 Directa
583 2751 670 2813 enim
700 2761 750 2814 cst
780 2749 821 2812 etl
850 2747 962 2814 Titum
993 2749 1119 2816 Aelium
1148 2761 1150 2767 '

45 2853 220 2919 Aotossinuss
241 2859 490 2939 imperatorem,
519 2853 560 2916 ad
581 2851 729 2922 Marcum
750 2851 917 2916 Aurelium
940 2867 973 2918 et
995 2855 1036 2918 L.
1065 2855 1121 2919 Ve-
1238 2855 1244 2863 ’

46 2979 100 3022 ross
124 2975 155 3024 et
184 2962 227 3027 nd
252 2959 410 3025 Senatum
431 2957 649 3042 Populumque
672 2959 852 3023 Romanum
867 2959 910 3038 ⁵).
955 2957 1125 3044 llegnabot

7 3053 8 3062 ¹
45 3077 134 3128 sutem
156 3064 347 3132 Antoninus
369 3061 446 3128 Pius
468 3063 508 3127 ab
532 3085 617 3147 anno
642 3067 705 3128 138
727 3085 828 3147 usque
851 3061 892 3126 ad
917 3069 990 3128 tm.
1035 3065 1122 3151 Ergo

46 3189 96 3232 oon
123 3183 171 3235 est
201 3179 281 3234 unte
311 3189 430 3233 sunum
461 3173 523 3232 tas
554 3169 740 3251 composita.
785 3163 897 3250 Neque
926 3189 1003 3230 vero
1022 3163 1124 3244 finito

46 3293 117 3337 enno
143 3277 297 3358 proximo
317 3277 384 3344 ‚tas
407 3271 526 3336 editam
548 3271 647 3360 luisse
671 3291 716 3336 ex
739 3292 778 3334 eo
802 3273 1009 3362 conjicimus,
1040 3271 1124 3354 qnod

46 3375 159 3442 Marcus
188 3375 345 3444 Aurelius
377 3379 447 3461 jam
477 3397 517 3440 eo
546 3379 615 3458 ipso
645 3397 731 3441 snno
763 3377 883 3442 Coetus·
909 3389 1037 3441 orestus
1064 3389 1125 3457 est,

46 3503 123 3562 qoem
152 3483 294 3566 quidem.
313 3479 469 3546 honorem
492 3493 583 3560 tnnc,
612 3501 684 3544 eum
714 3479 863 3546 dedicato
891 3479 1040 3568 apologis
1063 3493 1124 3559 est,

8 3599 9 3602 ’
46 3587 170 3651 nondum
193 3581 331 3670 adeptus
355 3599 440 3666 erut,
463 3585 612 3670 alioquin,
628 3585 776 3650 lustinus
797 3597 885 3654 nerto
909 3607 973 3650 non
997 3588 1123 3651 omisis·

46 3703 95 3767 set,
115 3691 207 3757 illum
232 3693 355 3756 eximio
371 3689 433 3754 hoe
455 3689 590 3756 honoris
613 3703 644 3754 et
667 3689 832 3775 dignitatis
848 3689 941 3755 titulo
956 3691 1123 3777 insignire.

48 3849 245 3864 Ἦ

104 3938 130 3998 1)
149 3937 218 3990 Hist.
239 3936 309 3990 Eccl.
328 3935 386 3988 Lib.
404 3933 448 3986 lv.
467 3949 490 3985 c.
513 3937 553 3986 17.
573 3931 598 4000 ᾗ.
619 3941 644 3998 1,
664 3951 688 4003 p.
709 3935 767 3986 am.
786 3949 826 4002 sq.

104 4027 130 4088 t)
146 4023 291 4079 Memuires
309 4023 372 4076 eccl.
391 4019 491 4075 t’.111.
510 4019 542 4074 Ρ.
561 4019 596 4072 tl.
616 4025 669 4076 not.
691 4025 739 4086 to,
759 4039 784 4090 p.
804 4021 862 4073 oro.

53 4097 57 4106 ’
104 4113 132 4173 a)
150 4113 219 4164 nm
239 4111 309 4166 nect.
328 4109 372 4162 ιν.
391 4125 414 4162 c.
435 4115 475 4160 tt.
496 4105 520 4173 t.
540 4111 565 4162 s.
583 4100 611 4160 tn'
629 4105 682 4174 tn,
700 4126 726 4178 p.
745 4111 804 4163 ooo.

105 4199 132 4258 t)
150 4198 265 4268 apolog.
282 4197 303 4250 l.
323 4213 347 4249 c.
366 4198 409 4250 46.
427 4211 475 4266 pr,
494 4195 536 4248 sd.
554 4191 681 4248 Mawiu.
700 4213 726 4266 p.
745 4197 788 4250 73.

105 4283 135 4348 s)
151 4282 215 4338 isio.
234 4300 257 4336 c.
275 4291 299 4352 1,
318 4301 344 4354 p.
364 4287 406 4336 ss.
443 4281 483 4335 ct.
498 4273 643 4336 Euolet
660 4277 777 4364 nosos.
796 4284 823 4338 n.
843 4283 870 4338 n.
890 4282 927 4350 (t.
949 4285 1028 4345 ros).
