2686 4794
655 291 730 362 232

28 563 35 592 Ι
149 518 263 594 aperta
282 516 373 588 sunt,
403 527 546 599 quaeque
574 509 653 592 ipsls
674 510 758 574 scire
786 520 820 574 et
841 507 1026 596 intelligere
1053 529 1241 578 concam

39 685 48 703 Ι
150 615 210 679 est.
254 613 459 700 Repugnere‚
482 612 566 696 qnod
588 626 738 680 esserum
754 613 924 692 haeretiei,
947 621 1072 682 enimet
1087 615 1242 699 quasdam

148 722 182 784 iu
197 716 353 802 pleroma,
375 715 458 784 elias
479 719 514 781 in
535 717 744 784 medietatem
759 717 913 798 shitnras,
935 731 1054 805 negata
1072 735 1242 805 corporum

148 824 396 888 resurrectione.
441 819 607 887 Vesansm
632 822 710 887 inde
738 843 851 888 eornm
872 823 1070 906 impietatem
1092 828 1241 914 contigat,

150 931 202 1012 qui
224 949 261 992 se
280 925 485 1011 spirituales,
514 927 714 1014 demiurgum
740 949 818 992 vero
847 925 1021 1021 animalem
1049 949 1121 994 etse
1150 930 1241 996 dice·

67 1097 75 1112 ‚
148 1031 227 1096 hent
249 1036 292 1108 (c.
307 1031 475 1112 20-32.).
521 1027 615 1096 Tunc
636 1029 813 1120 flagitiosas
836 1031 947 1098 eu'rum
968 1035 1147 1100 sententies
1160 1057 1239 1100 eon·

147 1136 245 1215 lutat,
275 1137 327 1219 qni
357 1137 500 1199 actiones
528 1135 600 1202 sole
627 1134 763 1202 huneco
783 1139 936 1222 'opinione
954 1141 1060 1222 justas
1090 1159 1162 1204 esse
1184 1153 1242 1205 ant

130 1229 286 1324 *injustas
309 1239 517 1314 asserebant3
540 1240 676 1308 'subinde
698 1239 972 1327 metempsychosin
993 1245 1190 1330 impugnat„
1205 1256 1240 1308 et

100 1345 103 1364 '
147 1329 346 1427 decerperis
367 1365 505 1408 unacum
528 1347 636 1411 anime
657 1352 893 1414 resurreetione
908 1335 1055 1422 disserite
1076 1359 1239 1430 postremo

64 1443 89 1476 ‘'
145 1447 328 1514 Basilidem
357 1451 560 1535 perstringit,
594 1454 649 1534 qni
672 1450 786 1534 plores
815 1452 915 1517 coeloe
943 1473 1016 1518 esse
1049 1451 1239 1526 somniavit;

149 1552 231 1617 alios
254 1551 444 1634 Gnosticcs,
473 1557 527 1638 qui
548 1551 781 1638 Prophetarum
808 1556 940 1622 coneda
963 1579 1008 1622 ex
1029 1559 1128 1622 variis
1150 1577 1239 1622 eme·

147 1679 244 1722 nasse
274 1657 336 1722 diis
366 1657 574 1732 dictitabant;
604 1681 712 1724 rursus
741 1659 840 1739 alins,
871 1663 925 1744 qni
955 1661 996 1726 oh
1024 1661 1152 1726 diverse
1172 1659 1240 1726 Dei

50 1749 60 1771 ¹
126 1841 130 1854 ἱ
147 1747 279 1826 nemina
293 1759 407 1844 ploret
422 1781 489 1825 erre
502 1761 587 1826 Deor
602 1775 811 1848 praepostere
824 1763 998 1830 credebant
1011 1766 1055 1848 (c.
1071 1765 1239 1848 ³2-35.).

470 2017 473 2037 ,
548 1921 820 2020 'censesne

145 2081 155 2105 ³
234 2075 262 2160 l·
286 2071 387 2167 2231·
432 2076 505 2142 Jnm
520 2060 610 2142 ¹vero
631 2079 666 2142 in
690 2099 729 2154 eo
752 2091 803 2144 eet
824 2089 951 2158 auctor,
979 2089 1101 2143 utnon
1125 2101 1144 2142 e
1166 2065 1263 2145 sola⁷

131 2183 286 2266 ratione,
309 2179 367 2246 sed
389 2179 735 2264 diormesscnproroe
758 2201 797 2244 cc
823 2179 1022 2258 Truditiorot'r
1043 2181 1239 2247 auctoritate

148 2286 351 2351 adversarios
373 2284 527 2350 refellere
549 2273 692 2364 canetur.
737 2285 879 2351 Primum
900 2287 998 2372 igitur
1020 2293 1157 2371 poottror
1178 2285 1237 2352 do·

145 2402 198 2454 cet
226 2389 345 2454 tredite
374 2388 467 2454 nohis
500 2411 572 2454 esse
594 2386 846 2474 Evertgelo'o,·
875 2389 935 2454 sed
963 2388 1157 2454 Haereticos
1186 2389 1238 2456 his

144 2498 263 2579 apertis
286 2494 471 2576 Scripturas
501 2494 695 2586 testimoniis
715 2495 855 2559 revictos
876 2497 1098 2559 auctoritatem
1127 2515 1238 2562 earnm

145 2599 303 2682 perfracte
326 2601 475 2682 rejicere,
500 2595 532 2660 et
554 2596 593 2660 ad
608 2598 811 2661 traditionem
826 2599 931 2680 potius
944 2620 1131 2681 provocare.
1168 2599 1260 2666 ve·

143 2725 215 2768 rum
243 2701 305 2768 huo
332 2705 403 2788 ipse
430 2699 858 2784 maoooompostotomm
885 2705 1037 2768 continue
1058 2705 1237 2787 Episcopu-

123 2829 215 2886 ,runr
237 2810 441 2872 successione
464 2809 498 2870 in
514 2803 664 2870 Ecclesia
686 2791 1160 2886 servata'heeretienrinvicte
1182 2831 1235 2872 re·

143 2914 252 2978 lutari.
297 2914 327 2980 A
349 2910 421 2977 sola
440 2907 594 2974 Ecclesia
616 2907 784 2988 catholico,
807 2909 991 2976 traditionis
1014 2923 1048 2976 et
1069 2911 1236 2994 doetrinae

144 3015 350 3101 Apostolicee
386 3017 582 3079 intemerata
610 3013 759 3094 custode,
792 3015 964 3098 petendam
999 3039 1079 3082 csse·
1104 3037 1235 3083 omnent

142 3121 327 3194 veritatem
357 3119 513 3184 haereres
543 3131 674 3184 econtra
702 3139 798 3182 novor
828 3141 900 3184 esse
928 3133 962 3184 et
988 3119 1152 3202 Apostolis
1181 3117 1234 3186 do·

143 3223 296 3287 certiores
317 3224 360 3304 (c.
383 3223 505 3304 tau).
549 3221 634 3314 'l'um
656 3223 817 3288 catholica
838 3223 986 3288 doctrim
1009 3224 1049 3289 de
1064 3245 1130 3290 uno
1146 3225 1234 3304 Deo,

144 3349 247 3411 eoque
269 3325 355 3391 coeli
378 3337 411 3389 et
432 3339 540 3390 terrae
561 3327 738 3407 conditore,
763 3349 781 3391 e
804 3342 938 3412 quatuor
961 3329 1136 3416 Evangelia
1158 3351 1234 3415 pro-

143 3431 255 3510 betur,
279 3442 312 3494 et
334 3427 369 3492 S.
394 3429 486 3494 Pauli
509 3426 708 3516 aliorumque
730 3431 958 3515 Apostolorum
979 3435 1153 3500 auctoritas
1174 3435 1233 3501 ed·

140 3520 252 3600 versus
280 3535 517 3600 haereticorum
548 3534 746 3620 objectiones
774 3537 875 3602 fusius
897 3537 1079 3604 defenditur
1101 3543 1142 3621 (e.
1166 3547 1232 3607 5-

141 3639 219 3719 16.).
263 3638 375 3726 Pergit
402 3637 520 3703 deinde
548 3653 659 3704 euctor
686 3663 731 3705 ex
759 3639 988 3724 Apostolorum
1014 3645 1145 3726 ¹scriptis
1173 3643 1231 3708 de-

140 3753 342 3821 monstrare,
368 3765 466 3808 unum
495 3757 527 3808 et
556 3744 693 3809 eundem
717 3765 789 3810 esse
812 3745 923 3812 Jesum
947 3745 1128 3828 Christum,
1156 3751 1230 3814 nni-

64 3880 65 3891 1
138 3837 282 3933 genitum
311 3846 377 3912 Dei
406 3827 544 3928 Piliam,
574 3870 685 3913 verum
714 3847 818 3912 Denso
849 3871 887 3916 ac
915 3871 1027 3916 verum
1056 3837 1247 3940 Hortinos„

139 3947 212 4016 Non
243 3947 404 4016 Christum
433 3953 489 4017 sed
518 3951 678 4035 Spiritum
699 3951 860 4022 ,Sanctum
888 3956 923 4020 iu
953 3955 1064 4021 lesum
1093 3957 1230 4022 descen·

70 4073 74 4084 ⁸
138 4055 242 4129 disse3
258 4055 429 4124 mendaces
446 4077 518 4121 esse
534 4056 729 4136 haereticos,
753 4062 806 4142 qui
823 4058 987 4127 Christum
1003 4061 1113 4142 elium,
1129 4061 1230 4128 alium

112 4145 250 4255 'desum
281 4179 353 4225 esse
383 4159 517 4246 fingunt.
562 4159 658 4228 Hunc
690 4161 869 4244 Christum,
899 4165 1017 4232 Filium
1046 4165 1131 4247 Dei,
1160 4188 1227 4232 nun

138 4261 203 4328 Dei
217 4263 322 4348 specio
336 4272 439 4344 terror,
462 4265 521 4338 sed
535 4285 610 4330 vere
624 4267 789 4334 huminem
803 4270 934 4350 lactum,
956 4272 1094 4356 ideoque
1113 4273 1237 4336 sernm'
1286 4351 1300 4359 ,
