<?xml version="1.0" encoding="UTF-8"?>
<!DOCTYPE html PUBLIC "-//W3C//DTD XHTML 1.0 Transitional//EN"
    "http://www.w3.org/TR/xhtml1/DTD/xhtml1-transitional.dtd">
<html xmlns="http://www.w3.org/1999/xhtml" xml:lang="en" lang="en">
 <head>
  <title>
</title>
<meta http-equiv="Content-Type" content="text/html;charset=utf-8" />
  <meta name='ocr-system' content='tesseract 3.04.00' />
  <meta name='ocr-capabilities' content='ocr_page ocr_carea ocr_par ocr_line ocrx_word'/>
</head>
<body>
  <div class='ocr_page' id='page_1' title='image "./bibliothecapatr00permgoog_0243.png"; bbox 0 0 2686 4794; ppageno 0'>
   <div class='ocr_carea' id='block_1_1' title="bbox 487 397 695 420">
    <p class='ocr_par' dir='ltr' id='par_1_1' title="bbox 487 397 695 420">
     <span class='ocr_line' id='line_1_1' title="bbox 487 397 695 420; baseline 0 -8"><span class='ocrx_word' id='word_1_1' title='bbox 487 397 695 420; x_wconf 58' lang='grc' dir='ltr'>*ηιμ-ιη.</span> 
     </span>
    </p>
   </div>
   <div class='ocr_carea' id='block_1_2' title="bbox 73 517 1141 712">
    <p class='ocr_par' dir='ltr' id='par_1_2' title="bbox 73 517 1141 712">
     <span class='ocr_line' id='line_1_2' title="bbox 75 517 1141 624; baseline -0.002 -36"><span class='ocrx_word' id='word_1_2' title='bbox 75 520 179 588; x_wconf 83' lang='lat' dir='ltr'>futurae</span> <span class='ocrx_word' id='word_1_3' title='bbox 198 517 407 588; x_wconf 81' lang='lat' dir='ltr'>baereditatis</span> <span class='ocrx_word' id='word_1_4' title='bbox 430 531 464 584; x_wconf 88' lang='lat' dir='ltr'>et</span> <span class='ocrx_word' id='word_1_5' title='bbox 483 519 734 588; x_wconf 79' lang='lat' dir='ltr'>immortalitatis</span> <span class='ocrx_word' id='word_1_6' title='bbox 755 532 888 586; x_wconf 68' lang='lat' dir='ltr'>ammae</span> <span class='ocrx_word' id='word_1_7' title='bbox 909 523 1037 624; x_wconf 38' lang='lat' dir='ltr'>pignus?</span> <span class='ocrx_word' id='word_1_8' title='bbox 1080 520 1141 588; x_wconf 86' lang='lat' dir='ltr'>Ut·</span> 
     </span>
     <span class='ocr_line' id='line_1_3' title="bbox 73 623 1140 712; baseline 0.002 -22"><span class='ocrx_word' id='word_1_9' title='bbox 73 631 122 691; x_wconf 85' lang='lat' dir='ltr'>itur</span> <span class='ocrx_word' id='word_1_10' title='bbox 144 625 257 692; x_wconf 88' lang='lat' dir='ltr'>deinde</span> <span class='ocrx_word' id='word_1_11' title='bbox 284 623 495 690; x_wconf 85' lang='lat' dir='ltr'>similitudine</span> <span class='ocrx_word' id='word_1_12' title='bbox 523 625 660 712; x_wconf 83' lang='lat' dir='ltr'>quadam</span> <span class='ocrx_word' id='word_1_13' title='bbox 681 623 785 700; x_wconf 81' lang='lat' dir='ltr'>dnota&#39;</span> <span class='ocrx_word' id='word_1_14' title='bbox 799 624 841 690; x_wconf 87' lang='lat' dir='ltr'>ab</span> <span class='ocrx_word' id='word_1_15' title='bbox 863 624 1018 704; x_wconf 73' lang='lat' dir='ltr'><em>oleastro,</em></span> <span class='ocrx_word' id='word_1_16' title='bbox 1048 629 1140 712; x_wconf 77' lang='lat' dir='ltr'>cnjus</span> 
     </span>
    </p>
   </div>
   <div class='ocr_carea' id='block_1_3' title="bbox 73 728 1250 814">
    <p class='ocr_par' dir='ltr' id='par_1_3' title="bbox 73 728 1250 814">
     <span class='ocr_line' id='line_1_4' title="bbox 73 728 1250 814; baseline 0.001 -19"><span class='ocrx_word' id='word_1_17' title='bbox 73 728 189 814; x_wconf 78' lang='lat' dir='ltr'>qualitas</span> <span class='ocrx_word' id='word_1_18' title='bbox 215 739 357 810; x_wconf 88' lang='lat' dir='ltr'>tantum,</span> <span class='ocrx_word' id='word_1_19' title='bbox 385 751 452 794; x_wconf 91' lang='lat' dir='ltr'>non</span> <span class='ocrx_word' id='word_1_20' title='bbox 479 742 612 810; x_wconf 87' lang='lat' dir='ltr'>nature,</span> <span class='ocrx_word' id='word_1_21' title='bbox 639 751 698 814; x_wconf 79' lang='lat' dir='ltr'>per</span> <span class='ocrx_word' id='word_1_22' title='bbox 723 732 911 796; x_wconf 74' lang='lat' dir='ltr'>insitionem</span> <span class='ocrx_word' id='word_1_23' title='bbox 932 741 1074 794; x_wconf 80' lang='lat' dir='ltr'>motatur</span> <span class='ocrx_word' id='word_1_24' title='bbox 1095 729 1139 810; x_wconf 82' lang='lat' dir='ltr'>(a.</span> <span class='ocrx_word' id='word_1_25' title='bbox 1181 744 1191 762; x_wconf 78' lang='grc'><strong>“</strong></span> <span class='ocrx_word' id='word_1_26' title='bbox 1246 763 1250 776; x_wconf 93' lang='grc'>·</span> 
     </span>
    </p>
   </div>
   <div class='ocr_carea' id='block_1_4' title="bbox 68 833 1211 1653">
    <p class='ocr_par' dir='ltr' id='par_1_4' title="bbox 68 833 1211 1653">
     <span class='ocr_line' id='line_1_5' title="bbox 73 833 1139 920; baseline 0.002 -22"><span class='ocrx_word' id='word_1_27' title='bbox 73 833 192 916; x_wconf 87' lang='grc'><strong>1-11.).</strong></span> <span class='ocrx_word' id='word_1_28' title='bbox 236 833 323 911; x_wconf 79' lang='lat' dir='ltr'>Quia</span> <span class='ocrx_word' id='word_1_29' title='bbox 350 854 428 899; x_wconf 85' lang='lat' dir='ltr'>vero</span> <span class='ocrx_word' id='word_1_30' title='bbox 456 837 628 920; x_wconf 84' lang='lat' dir='ltr'>praecipua</span> <span class='ocrx_word' id='word_1_31' title='bbox 658 837 777 900; x_wconf 81' lang='lat' dir='ltr'>erroris</span> <span class='ocrx_word' id='word_1_32' title='bbox 798 834 1010 900; x_wconf 76' lang='lat' dir='ltr'>fundamenta</span> <span class='ocrx_word' id='word_1_33' title='bbox 1030 837 1066 899; x_wconf 94' lang='lat' dir='ltr'>in</span> <span class='ocrx_word' id='word_1_34' title='bbox 1087 835 1139 900; x_wconf 81' lang='lat' dir='ltr'>bin</span> 
     </span>
     <span class='ocr_line' id='line_1_6' title="bbox 70 930 1140 1026; baseline 0 -22"><span class='ocrx_word' id='word_1_35' title='bbox 70 941 154 1024; x_wconf 79' lang='lat' dir='ltr'>posita</span> <span class='ocrx_word' id='word_1_36' title='bbox 174 930 267 1004; x_wconf 78' lang='lat' dir='ltr'>eraut</span> <span class='ocrx_word' id='word_1_37' title='bbox 289 937 412 1004; x_wconf 85' lang='lat' dir='ltr'>Cbrieti</span> <span class='ocrx_word' id='word_1_38' title='bbox 433 939 557 1005; x_wconf 81' lang='lat' dir='ltr'>verbis:</span> <span class='ocrx_word' id='word_1_39' title='bbox 579 939 690 1018; x_wconf 83' lang='lat' dir='ltr'>„Coro</span> <span class='ocrx_word' id='word_1_40' title='bbox 713 946 744 1002; x_wconf 90' lang='lat' dir='ltr'>et</span> <span class='ocrx_word' id='word_1_41' title='bbox 765 938 899 1024; x_wconf 77' lang='lat' dir='ltr'>eongsa&#39;e</span> <span class='ocrx_word' id='word_1_42' title='bbox 920 959 1053 1026; x_wconf 73' lang='lat' dir='ltr'>regemn</span> <span class='ocrx_word' id='word_1_43' title='bbox 1073 938 1140 1004; x_wconf 87' lang='lat' dir='ltr'>Dei</span> 
     </span>
     <span class='ocr_line' id='line_1_7' title="bbox 69 1039 1187 1136; baseline -0.001 -27"><span class='ocrx_word' id='word_1_44' title='bbox 69 1044 248 1109; x_wconf 63' lang='lat' dir='ltr'>tamenne</span> <span class='ocrx_word' id='word_1_45' title='bbox 269 1063 333 1106; x_wconf 91' lang='lat' dir='ltr'>non</span> <span class='ocrx_word' id='word_1_46' title='bbox 348 1049 518 1127; x_wconf 77' lang='lat' dir='ltr'>possunt,“</span> <span class='ocrx_word' id='word_1_47' title='bbox 540 1046 583 1136; x_wconf 78' lang='lat' dir='ltr'>iis</span> <span class='ocrx_word' id='word_1_48' title='bbox 604 1043 688 1110; x_wconf 94' lang='lat' dir='ltr'>uibil</span> <span class='ocrx_word' id='word_1_49' title='bbox 709 1046 773 1108; x_wconf 88' lang='lat' dir='ltr'>nisi</span> <span class='ocrx_word' id='word_1_50' title='bbox 794 1063 893 1126; x_wconf 83' lang='lat' dir='ltr'>prava</span> <span class='ocrx_word' id='word_1_51' title='bbox 915 1044 1027 1110; x_wconf 68' lang='lat' dir='ltr'>umis</span> <span class='ocrx_word' id='word_1_52' title='bbox 1040 1063 1141 1128; x_wconf 85' lang='lat' dir='ltr'>opero</span> <span class='ocrx_word' id='word_1_53' title='bbox 1184 1039 1187 1045; x_wconf 84' lang='grc'><strong>’</strong></span> 
     </span>
     <span class='ocr_line' id='line_1_8' title="bbox 69 1147 1139 1232; baseline 0.002 -21"><span class='ocrx_word' id='word_1_54' title='bbox 69 1148 100 1214; x_wconf 83' lang='lat' dir='ltr'>rb</span> <span class='ocrx_word' id='word_1_55' title='bbox 117 1149 264 1232; x_wconf 71' lang='lat' dir='ltr'>Apostolo</span> <span class='ocrx_word' id='word_1_56' title='bbox 287 1147 444 1230; x_wconf 78' lang='lat' dir='ltr'>describi,</span> <span class='ocrx_word' id='word_1_57' title='bbox 472 1151 673 1232; x_wconf 82' lang='lat' dir='ltr'>apertissime</span> <span class='ocrx_word' id='word_1_58' title='bbox 694 1149 911 1226; x_wconf 80' lang='lat' dir='ltr'>demonstrat,</span> <span class='ocrx_word' id='word_1_59' title='bbox 935 1161 968 1214; x_wconf 89' lang='lat' dir='ltr'>et</span> <span class='ocrx_word' id='word_1_60' title='bbox 989 1147 1064 1216; x_wconf 83' lang='lat' dir='ltr'>aliie</span> <span class='ocrx_word' id='word_1_61' title='bbox 1085 1171 1139 1214; x_wconf 88' lang='lat' dir='ltr'>ra-</span> 
     </span>
     <span class='ocr_line' id='line_1_9' title="bbox 69 1241 1161 1348; baseline 0.003 -33"><span class='ocrx_word' id='word_1_62' title='bbox 69 1254 168 1318; x_wconf 87' lang='lat' dir='ltr'>tionnm</span> <span class='ocrx_word' id='word_1_63' title='bbox 194 1255 368 1318; x_wconf 82' lang='lat' dir='ltr'>momentis</span> <span class='ocrx_word' id='word_1_64' title='bbox 398 1275 437 1318; x_wconf 89' lang='lat' dir='ltr'>ac</span> <span class='ocrx_word' id='word_1_65' title='bbox 464 1257 635 1348; x_wconf 77' lang='lat' dir='ltr'>praecipue</span> <span class='ocrx_word' id='word_1_66' title='bbox 664 1268 861 1320; x_wconf 88' lang='lat' dir='ltr'>mortuorum</span> <span class='ocrx_word' id='word_1_67' title='bbox 885 1275 905 1317; x_wconf 90' lang='lat' dir='ltr'>a</span> <span class='ocrx_word' id='word_1_68' title='bbox 928 1252 1058 1320; x_wconf 79' lang='lat' dir='ltr'>Christo</span> <span class='ocrx_word' id='word_1_69' title='bbox 1084 1241 1161 1318; x_wconf 86' lang='lat' dir='ltr'>re-¹</span> 
     </span>
     <span class='ocr_line' id='line_1_10' title="bbox 68 1356 1211 1445; baseline 0.002 -23"><span class='ocrx_word' id='word_1_70' title='bbox 68 1359 269 1422; x_wconf 73' lang='lat' dir='ltr'>meditatorum</span> <span class='ocrx_word' id='word_1_71' title='bbox 291 1356 443 1441; x_wconf 84' lang='lat' dir='ltr'>exemplo</span> <span class='ocrx_word' id='word_1_72' title='bbox 472 1372 506 1422; x_wconf 88' lang='lat' dir='ltr'>et</span> <span class='ocrx_word' id='word_1_73' title='bbox 525 1359 634 1424; x_wconf 83' lang='lat' dir='ltr'>Isaiae</span> <span class='ocrx_word' id='word_1_74' title='bbox 657 1373 754 1445; x_wconf 85' lang='lat' dir='ltr'>atque</span> <span class='ocrx_word' id='word_1_75' title='bbox 776 1357 925 1443; x_wconf 74' lang='lat' dir='ltr'>Apostoli</span> <span class='ocrx_word' id='word_1_76' title='bbox 947 1361 1138 1424; x_wconf 77' lang='lat' dir='ltr'>auctoritato</span> <span class='ocrx_word' id='word_1_77' title='bbox 1209 1367 1211 1374; x_wconf 61' lang='lat'><strong>⁴</strong></span> 
     </span>
     <span class='ocr_line' id='line_1_11' title="bbox 68 1457 1138 1548; baseline 0.007 -27"><span class='ocrx_word' id='word_1_78' title='bbox 68 1473 92 1522; x_wconf 85' lang='lat' dir='ltr'>et</span> <span class='ocrx_word' id='word_1_79' title='bbox 105 1457 290 1528; x_wconf 78' lang='lat' dir='ltr'>testimoniis</span> <span class='ocrx_word' id='word_1_80' title='bbox 311 1463 457 1527; x_wconf 79' lang='lat' dir='ltr'>defendit</span> <span class='ocrx_word' id='word_1_81' title='bbox 477 1463 519 1546; x_wconf 91' lang='lat' dir='ltr'>(c.</span> <span class='ocrx_word' id='word_1_82' title='bbox 536 1464 701 1548; x_wconf 85' lang='grc'><strong>11-17.).</strong></span> <span class='ocrx_word' id='word_1_83' title='bbox 746 1462 881 1530; x_wconf 76' lang='lat' dir='ltr'>Transit</span> <span class='ocrx_word' id='word_1_84' title='bbox 896 1462 939 1527; x_wconf 85' lang='lat' dir='ltr'>ad</span> <span class='ocrx_word' id='word_1_85' title='bbox 955 1461 1138 1530; x_wconf 88' lang='lat' dir='ltr'>refellenda</span> 
     </span>
     <span class='ocr_line' id='line_1_12' title="bbox 68 1565 1136 1653; baseline 0.005 -25"><span class='ocrx_word' id='word_1_86' title='bbox 68 1565 162 1630; x_wconf 88' lang='lat' dir='ltr'>deinde</span> <span class='ocrx_word' id='word_1_87' title='bbox 182 1565 248 1632; x_wconf 87' lang='lat' dir='ltr'>alin</span> <span class='ocrx_word' id='word_1_88' title='bbox 271 1565 441 1632; x_wconf 85' lang='lat' dir='ltr'>Valentini</span> <span class='ocrx_word' id='word_1_89' title='bbox 463 1567 629 1653; x_wconf 87' lang='lat' dir='ltr'>dogmata;</span> <span class='ocrx_word' id='word_1_90' title='bbox 657 1580 819 1651; x_wconf 84' lang='lat' dir='ltr'>postremo</span> <span class='ocrx_word' id='word_1_91' title='bbox 843 1567 883 1631; x_wconf 90' lang='lat' dir='ltr'>de</span> <span class='ocrx_word' id='word_1_92' title='bbox 907 1565 1033 1632; x_wconf 75' lang='lat' dir='ltr'>Christo</span> <span class='ocrx_word' id='word_1_93' title='bbox 1053 1567 1136 1632; x_wconf 85' lang='lat' dir='ltr'>fide·</span> 
     </span>
    </p>
   </div>
   <div class='ocr_carea' id='block_1_5' title="bbox 66 1668 1262 1754">
    <p class='ocr_par' dir='ltr' id='par_1_5' title="bbox 66 1668 1262 1754">
     <span class='ocr_line' id='line_1_13' title="bbox 66 1668 1262 1754; baseline 0.003 -22"><span class='ocrx_word' id='word_1_94' title='bbox 66 1668 126 1734; x_wconf 88' lang='lat' dir='ltr'>lium</span> <span class='ocrx_word' id='word_1_95' title='bbox 152 1673 278 1754; x_wconf 71' lang='lat' dir='ltr'>renitet</span> <span class='ocrx_word' id='word_1_96' title='bbox 308 1671 348 1735; x_wconf 88' lang='lat' dir='ltr'>de</span> <span class='ocrx_word' id='word_1_97' title='bbox 376 1672 518 1753; x_wconf 85' lang='lat' dir='ltr'>prin&#39;uipo</span> <span class='ocrx_word' id='word_1_98' title='bbox 547 1671 754 1738; x_wconf 87' lang='lat' dir='ltr'>tenebrarum</span> <span class='ocrx_word' id='word_1_99' title='bbox 780 1670 940 1750; x_wconf 82' lang='lat' dir='ltr'>Diololo,·</span> <span class='ocrx_word' id='word_1_100' title='bbox 967 1673 1008 1738; x_wconf 89' lang='lat' dir='ltr'>de</span> <span class='ocrx_word' id='word_1_101' title='bbox 1036 1673 1134 1737; x_wconf 84' lang='lat' dir='ltr'>Anti·</span> <span class='ocrx_word' id='word_1_102' title='bbox 1257 1693 1262 1708; x_wconf 83' lang='grc'><em>·</em></span> 
     </span>
    </p>
   </div>
   <div class='ocr_carea' id='block_1_6' title="bbox 64 1773 1135 2172">
    <p class='ocr_par' dir='ltr' id='par_1_6' title="bbox 64 1773 1135 2172">
     <span class='ocr_line' id='line_1_14' title="bbox 66 1773 1135 1863; baseline 0.005 -27"><span class='ocrx_word' id='word_1_103' title='bbox 66 1773 156 1838; x_wconf 74' lang='lat' dir='ltr'>cirini</span> <span class='ocrx_word' id='word_1_104' title='bbox 182 1775 336 1855; x_wconf 87' lang='lat' dir='ltr'>nomine,</span> <span class='ocrx_word' id='word_1_105' title='bbox 365 1777 490 1862; x_wconf 89' lang='lat' dir='ltr'>origiue</span> <span class='ocrx_word' id='word_1_106' title='bbox 513 1788 547 1840; x_wconf 90' lang='lat' dir='ltr'>et</span> <span class='ocrx_word' id='word_1_107' title='bbox 567 1781 685 1863; x_wconf 85' lang='lat' dir='ltr'>regnb;</span> <span class='ocrx_word' id='word_1_108' title='bbox 715 1775 819 1860; x_wconf 81' lang='lat' dir='ltr'>dequo</span> <span class='ocrx_word' id='word_1_109' title='bbox 846 1779 905 1856; x_wconf 85' lang='lat' dir='ltr'>iis,</span> <span class='ocrx_word' id='word_1_110' title='bbox 936 1799 1018 1860; x_wconf 86' lang='lat' dir='ltr'>qnae</span> <span class='ocrx_word' id='word_1_111' title='bbox 1040 1778 1135 1844; x_wconf 82' lang='lat' dir='ltr'>Anti·</span> 
     </span>
     <span class='ocr_line' id='line_1_15' title="bbox 65 1877 1135 1958; baseline 0.007 -18"><span class='ocrx_word' id='word_1_112' title='bbox 65 1877 160 1944; x_wconf 85' lang='lat' dir='ltr'>ebrieto</span> <span class='ocrx_word' id='word_1_113' title='bbox 188 1881 338 1946; x_wconf 84' lang='lat' dir='ltr'>extincto</span> <span class='ocrx_word' id='word_1_114' title='bbox 368 1892 524 1945; x_wconf 85' lang='lat' dir='ltr'>eventura</span> <span class='ocrx_word' id='word_1_115' title='bbox 552 1893 640 1958; x_wconf 86' lang='lat' dir='ltr'>eunt,</span> <span class='ocrx_word' id='word_1_116' title='bbox 654 1899 659 1920; x_wconf 75' lang='lat'><strong>¹</strong></span> <span class='ocrx_word' id='word_1_117' title='bbox 672 1893 705 1944; x_wconf 90' lang='lat' dir='ltr'>et</span> <span class='ocrx_word' id='word_1_118' title='bbox 734 1880 775 1946; x_wconf 94' lang='lat' dir='ltr'>de</span> <span class='ocrx_word' id='word_1_119' title='bbox 804 1879 985 1944; x_wconf 76' lang='lat' dir='ltr'>millenos-io</span> <span class='ocrx_word' id='word_1_120' title='bbox 1015 1881 1135 1950; x_wconf 79' lang='lat' dir='ltr'>Christi</span> 
     </span>
     <span class='ocr_line' id='line_1_16' title="bbox 65 1983 1135 2072; baseline 0.003 -25"><span class='ocrx_word' id='word_1_121' title='bbox 65 1993 118 2064; x_wconf 78' lang='lat' dir='ltr'>pert</span> <span class='ocrx_word' id='word_1_122' title='bbox 140 1986 451 2050; x_wconf 85' lang='lat' dir='ltr'>consummationem</span> <span class='ocrx_word' id='word_1_123' title='bbox 480 1984 592 2050; x_wconf 89' lang='lat' dir='ltr'>mnndi</span> <span class='ocrx_word' id='word_1_124' title='bbox 620 1985 655 2048; x_wconf 93' lang='lat' dir='ltr'>in</span> <span class='ocrx_word' id='word_1_125' title='bbox 684 1997 772 2048; x_wconf 89' lang='lat' dir='ltr'>terra</span> <span class='ocrx_word' id='word_1_126' title='bbox 801 1987 969 2072; x_wconf 85' lang='lat' dir='ltr'>regnantis</span> <span class='ocrx_word' id='word_1_127' title='bbox 1000 1983 1135 2068; x_wconf 80' lang='lat' dir='ltr'>inperio</span> 
     </span>
     <span class='ocr_line' id='line_1_17' title="bbox 64 2085 517 2172; baseline 0.002 -21"><span class='ocrx_word' id='word_1_128' title='bbox 64 2085 116 2151; x_wconf 85' lang='lat' dir='ltr'>lose</span> <span class='ocrx_word' id='word_1_129' title='bbox 133 2088 264 2154; x_wconf 71' lang='lat' dir='ltr'>dissent</span> <span class='ocrx_word' id='word_1_130' title='bbox 285 2089 327 2172; x_wconf 88' lang='lat' dir='ltr'>(c.</span> <span class='ocrx_word' id='word_1_131' title='bbox 352 2089 517 2172; x_wconf 79' lang='lat'>18-36.).</span> 
     </span>
    </p>
   </div>
   <div class='ocr_carea' id='block_1_7' title="bbox 448 2275 722 2346">
    <p class='ocr_par' dir='ltr' id='par_1_7' title="bbox 448 2275 722 2346">
     <span class='ocr_line' id='line_1_18' title="bbox 448 2275 722 2346; baseline 0.004 -3"><span class='ocrx_word' id='word_1_132' title='bbox 448 2301 475 2343; x_wconf 90' lang='lat' dir='ltr'>o.</span> <span class='ocrx_word' id='word_1_133' title='bbox 499 2275 722 2346; x_wconf 82' lang='lat' dir='ltr'>Editionee.</span> 
     </span>
    </p>
   </div>
   <div class='ocr_carea' id='block_1_8' title="bbox 65 2351 1134 2593">
    <p class='ocr_par' dir='ltr' id='par_1_8' title="bbox 65 2351 1134 2593">
     <span class='ocr_line' id='line_1_19' title="bbox 129 2351 1133 2488; baseline 0.003 -23"><span class='ocrx_word' id='word_1_134' title='bbox 129 2411 155 2482; x_wconf 84' lang='lat'>§.</span> <span class='ocrx_word' id='word_1_135' title='bbox 175 2351 283 2480; x_wconf 57' lang='grc'><strong>931).</strong></span> <span class='ocrx_word' id='word_1_136' title='bbox 329 2399 473 2484; x_wconf 85' lang='lat' dir='ltr'>Operum</span> <span class='ocrx_word' id='word_1_137' title='bbox 494 2401 624 2467; x_wconf 90' lang='lat' dir='ltr'>Irenaei</span> <span class='ocrx_word' id='word_1_138' title='bbox 654 2404 753 2468; x_wconf 89' lang='lat' dir='ltr'>editio</span> <span class='ocrx_word' id='word_1_139' title='bbox 777 2401 971 2488; x_wconf 75' lang='lat' dir='ltr'>princepe</span> <span class='ocrx_word' id='word_1_140' title='bbox 1001 2414 1133 2468; x_wconf 87' lang='lat' dir='ltr'>curante</span> 
     </span>
     <span class='ocr_line' id='line_1_20' title="bbox 65 2499 1134 2593; baseline 0.007 -28"><span class='ocrx_word' id='word_1_141' title='bbox 65 2499 206 2571; x_wconf 64' lang='lat' dir='ltr'>brederio</span> <span class='ocrx_word' id='word_1_142' title='bbox 226 2503 403 2572; x_wconf 81' lang='lat' dir='ltr'>Erosnso</span> <span class='ocrx_word' id='word_1_143' title='bbox 424 2505 685 2572; x_wconf 82' lang='lat' dir='ltr'>Roterodonensi</span> <span class='ocrx_word' id='word_1_144' title='bbox 712 2508 831 2593; x_wconf 83' lang='lat' dir='ltr'>prodiit</span> <span class='ocrx_word' id='word_1_145' title='bbox 852 2505 956 2573; x_wconf 82' lang='lat' dir='ltr'>Boeil.</span> <span class='ocrx_word' id='word_1_146' title='bbox 987 2504 1134 2589; x_wconf 65' lang='lat' dir='ltr'>fiius.</span> 
     </span>
    </p>
   </div>
   <div class='ocr_carea' id='block_1_9' title="bbox 63 2609 1232 2694">
    <p class='ocr_par' dir='ltr' id='par_1_9' title="bbox 63 2609 1232 2694">
     <span class='ocr_line' id='line_1_21' title="bbox 63 2609 1232 2694; baseline 0.007 -26"><span class='ocrx_word' id='word_1_147' title='bbox 63 2627 90 2669; x_wconf 85' lang='lat' dir='ltr'>ac</span> <span class='ocrx_word' id='word_1_148' title='bbox 112 2613 232 2694; x_wconf 83' lang='lat' dir='ltr'>saepiae</span> <span class='ocrx_word' id='word_1_149' title='bbox 263 2611 385 2676; x_wconf 89' lang='lat' dir='ltr'>deinde</span> <span class='ocrx_word' id='word_1_150' title='bbox 414 2633 459 2676; x_wconf 81' lang='lat' dir='ltr'>ex</span> <span class='ocrx_word' id='word_1_151' title='bbox 488 2609 619 2677; x_wconf 87' lang='lat' dir='ltr'>officina</span> <span class='ocrx_word' id='word_1_152' title='bbox 647 2609 855 2678; x_wconf 86' lang='lat' dir='ltr'>Frobenionn</span> <span class='ocrx_word' id='word_1_153' title='bbox 884 2614 1020 2686; x_wconf 80' lang='lat' dir='ltr'>emissa3</span> <span class='ocrx_word' id='word_1_154' title='bbox 1054 2613 1133 2677; x_wconf 89' lang='lat' dir='ltr'>item</span> <span class='ocrx_word' id='word_1_155' title='bbox 1226 2649 1232 2664; x_wconf 91' lang='lat'><em>·</em></span> 
     </span>
    </p>
   </div>
   <div class='ocr_carea' id='block_1_10' title="bbox 58 2707 1172 4380">
    <p class='ocr_par' dir='ltr' id='par_1_10' title="bbox 58 2707 1172 4380">
     <span class='ocr_line' id='line_1_22' title="bbox 64 2707 1132 2802; baseline 0.008 -30"><span class='ocrx_word' id='word_1_156' title='bbox 64 2707 292 2782; x_wconf 65' lang='lat' dir='ltr'>territoreas.</span> <span class='ocrx_word' id='word_1_157' title='bbox 317 2719 413 2781; x_wconf 81' lang='lat'><strong>1545.</strong></span> <span class='ocrx_word' id='word_1_158' title='bbox 435 2715 472 2796; x_wconf 89' lang='lat' dir='ltr'>f.,</span> <span class='ocrx_word' id='word_1_159' title='bbox 496 2729 529 2781; x_wconf 90' lang='lat' dir='ltr'>et</span> <span class='ocrx_word' id='word_1_160' title='bbox 549 2715 627 2782; x_wconf 87' lang='lat' dir='ltr'>ibid.</span> <span class='ocrx_word' id='word_1_161' title='bbox 645 2723 739 2784; x_wconf 85' lang='grc'><strong>1563.</strong></span> <span class='ocrx_word' id='word_1_162' title='bbox 754 2723 804 2802; x_wconf 78' lang='grc'>8.;</span> <span class='ocrx_word' id='word_1_163' title='bbox 827 2740 910 2800; x_wconf 88' lang='lat' dir='ltr'>quae</span> <span class='ocrx_word' id='word_1_164' title='bbox 932 2730 1041 2782; x_wconf 88' lang='lat' dir='ltr'>tamen</span> <span class='ocrx_word' id='word_1_165' title='bbox 1064 2713 1132 2782; x_wconf 68' lang='lat' dir='ltr'>om&#39;·</span> 
     </span>
     <span class='ocr_line' id='line_1_23' title="bbox 63 2819 1132 2908; baseline 0.007 -29"><span class='ocrx_word' id='word_1_166' title='bbox 63 2835 105 2882; x_wconf 87' lang='lat' dir='ltr'>nor</span> <span class='ocrx_word' id='word_1_167' title='bbox 125 2819 280 2888; x_wconf 82' lang='lat' dir='ltr'>editiones</span> <span class='ocrx_word' id='word_1_168' title='bbox 302 2820 413 2888; x_wconf 86' lang='lat' dir='ltr'>multis</span> <span class='ocrx_word' id='word_1_169' title='bbox 436 2821 574 2901; x_wconf 78' lang='lat' dir='ltr'>mendis,</span> <span class='ocrx_word' id='word_1_170' title='bbox 596 2819 734 2902; x_wconf 83' lang='lat' dir='ltr'>lacunis,</span> <span class='ocrx_word' id='word_1_171' title='bbox 758 2835 791 2886; x_wconf 89' lang='lat' dir='ltr'>et</span> <span class='ocrx_word' id='word_1_172' title='bbox 814 2823 995 2908; x_wconf 83' lang='lat' dir='ltr'>depravatis</span> <span class='ocrx_word' id='word_1_173' title='bbox 1017 2821 1132 2888; x_wconf 88' lang='lat' dir='ltr'>lectio·</span> 
     </span>
     <span class='ocr_line' id='line_1_24' title="bbox 62 2921 1133 2992; baseline 0.005 -7"><span class='ocrx_word' id='word_1_174' title='bbox 62 2921 134 2990; x_wconf 82' lang='lat' dir='ltr'>nibus</span> <span class='ocrx_word' id='word_1_175' title='bbox 158 2938 297 2992; x_wconf 83' lang='lat' dir='ltr'>scatent.</span> <span class='ocrx_word' id='word_1_176' title='bbox 342 2923 411 2992; x_wconf 90' lang='lat' dir='ltr'>Nee</span> <span class='ocrx_word' id='word_1_177' title='bbox 440 2925 540 2992; x_wconf 89' lang='lat' dir='ltr'>multo</span> <span class='ocrx_word' id='word_1_178' title='bbox 570 2923 714 2992; x_wconf 86' lang='lat' dir='ltr'>melioria</span> <span class='ocrx_word' id='word_1_179' title='bbox 737 2927 930 2992; x_wconf 87' lang='lat' dir='ltr'>conditionis</span> <span class='ocrx_word' id='word_1_180' title='bbox 953 2939 1028 2992; x_wconf 87' lang='lat' dir='ltr'>eunt</span> <span class='ocrx_word' id='word_1_181' title='bbox 1050 2926 1133 2992; x_wconf 88' lang='lat' dir='ltr'>dnae</span> 
     </span>
     <span class='ocr_line' id='line_1_25' title="bbox 62 3027 1133 3118; baseline 0.006 -30"><span class='ocrx_word' id='word_1_182' title='bbox 62 3031 184 3106; x_wconf 77' lang='lat' dir='ltr'>proxime</span> <span class='ocrx_word' id='word_1_183' title='bbox 214 3029 390 3118; x_wconf 74' lang='lat' dir='ltr'>evulgatae</span> <span class='ocrx_word' id='word_1_184' title='bbox 419 3031 579 3097; x_wconf 79' lang='lat' dir='ltr'>editiones</span> <span class='ocrx_word' id='word_1_185' title='bbox 602 3055 622 3097; x_wconf 90' lang='lat' dir='ltr'>a</span> <span class='ocrx_word' id='word_1_186' title='bbox 642 3027 752 3098; x_wconf 86' lang='lat' dir='ltr'>Nicol.</span> <span class='ocrx_word' id='word_1_187' title='bbox 780 3031 969 3096; x_wconf 75' lang='lat' dir='ltr'>Gallonio</span> <span class='ocrx_word' id='word_1_188' title='bbox 991 3029 1133 3118; x_wconf 76' lang='lat' dir='ltr'>theologo</span> 
     </span>
     <span class='ocr_line' id='line_1_26' title="bbox 63 3125 1140 3220; baseline 0.009 -28"><span class='ocrx_word' id='word_1_189' title='bbox 63 3125 234 3216; x_wconf 68' lang='lat' dir='ltr'>calonna,</span> <span class='ocrx_word' id='word_1_190' title='bbox 259 3134 384 3220; x_wconf 77' lang='lat' dir='ltr'>Gener.</span> <span class='ocrx_word' id='word_1_191' title='bbox 410 3143 504 3202; x_wconf 86' lang='grc'><strong>1570.</strong></span> <span class='ocrx_word' id='word_1_192' title='bbox 512 3159 521 3212; x_wconf 92' lang='lat'>;</span> <span class='ocrx_word' id='word_1_193' title='bbox 545 3150 578 3201; x_wconf 89' lang='lat' dir='ltr'>et</span> <span class='ocrx_word' id='word_1_194' title='bbox 600 3160 620 3202; x_wconf 87' lang='lat' dir='ltr'>a</span> <span class='ocrx_word' id='word_1_195' title='bbox 641 3135 691 3201; x_wconf 89' lang='lat' dir='ltr'>Jo.</span> <span class='ocrx_word' id='word_1_196' title='bbox 713 3137 787 3204; x_wconf 81' lang='lat' dir='ltr'>loo.</span> <span class='ocrx_word' id='word_1_197' title='bbox 814 3135 1008 3220; x_wconf 70' lang='lat' dir='ltr'>Grynum,</span> <span class='ocrx_word' id='word_1_198' title='bbox 1030 3131 1140 3202; x_wconf 81' lang='lat' dir='ltr'>Beeib‘</span> 
     </span>
     <span class='ocr_line' id='line_1_27' title="bbox 62 3237 1168 3324; baseline 0.009 -29"><span class='ocrx_word' id='word_1_199' title='bbox 62 3237 135 3300; x_wconf 87' lang='grc'><strong>1571.</strong></span> <span class='ocrx_word' id='word_1_200' title='bbox 182 3237 399 3324; x_wconf 85' lang='lat' dir='ltr'>Locupfetior</span> <span class='ocrx_word' id='word_1_201' title='bbox 436 3241 552 3306; x_wconf 87' lang='lat' dir='ltr'>deinde</span> <span class='ocrx_word' id='word_1_202' title='bbox 586 3264 624 3308; x_wconf 91' lang='lat' dir='ltr'>ac</span> <span class='ocrx_word' id='word_1_203' title='bbox 656 3242 758 3308; x_wconf 90' lang='lat' dir='ltr'>multo</span> <span class='ocrx_word' id='word_1_204' title='bbox 788 3241 994 3308; x_wconf 81' lang='lat' dir='ltr'>emendatior</span> <span class='ocrx_word' id='word_1_205' title='bbox 1033 3241 1132 3305; x_wconf 88' lang='lat' dir='ltr'>editio</span> <span class='ocrx_word' id='word_1_206' title='bbox 1159 3257 1168 3272; x_wconf 84' lang='lat'><strong>·</strong></span> 
     </span>
     <span class='ocr_line' id='line_1_28' title="bbox 61 3337 1131 3414; baseline 0.005 -10"><span class='ocrx_word' id='word_1_207' title='bbox 61 3357 116 3404; x_wconf 79' lang='lat' dir='ltr'>tura</span> <span class='ocrx_word' id='word_1_208' title='bbox 141 3337 198 3408; x_wconf 77' lang='lat' dir='ltr'>Fr.</span> <span class='ocrx_word' id='word_1_209' title='bbox 219 3341 501 3412; x_wconf 81' lang='lat' dir='ltr'>,Favordentii</span> <span class='ocrx_word' id='word_1_210' title='bbox 530 3345 662 3412; x_wconf 78' lang='lat' dir='ltr'>Ordinis</span> <span class='ocrx_word' id='word_1_211' title='bbox 689 3343 848 3414; x_wconf 84' lang='lat' dir='ltr'>Frotron</span> <span class='ocrx_word' id='word_1_212' title='bbox 875 3346 1028 3411; x_wconf 80' lang='lat' dir='ltr'>minorum</span> <span class='ocrx_word' id='word_1_213' title='bbox 1057 3343 1131 3412; x_wconf 86' lang='lat' dir='ltr'>Mo·</span> 
     </span>
     <span class='ocr_line' id='line_1_29' title="bbox 59 3441 1172 3538; baseline 0.011 -34"><span class='ocrx_word' id='word_1_214' title='bbox 59 3441 134 3508; x_wconf 82' lang='lat' dir='ltr'>oooli</span> <span class='ocrx_word' id='word_1_215' title='bbox 163 3455 195 3511; x_wconf 84' lang='lat' dir='ltr'>et</span> <span class='ocrx_word' id='word_1_216' title='bbox 224 3447 419 3533; x_wconf 82' lang='lat' dir='ltr'>Profeermis</span> <span class='ocrx_word' id='word_1_217' title='bbox 448 3447 660 3532; x_wconf 80' lang='lat' dir='ltr'>Porieiemis,</span> <span class='ocrx_word' id='word_1_218' title='bbox 700 3453 837 3538; x_wconf 87' lang='lat' dir='ltr'>adjectis</span> <span class='ocrx_word' id='word_1_219' title='bbox 864 3449 938 3516; x_wconf 83' lang='lat' dir='ltr'>loo.</span> <span class='ocrx_word' id='word_1_220' title='bbox 968 3449 1067 3516; x_wconf 78' lang='lat' dir='ltr'>Billii</span> <span class='ocrx_word' id='word_1_221' title='bbox 1101 3463 1134 3516; x_wconf 85' lang='lat' dir='ltr'>et</span> <span class='ocrx_word' id='word_1_222' title='bbox 1170 3457 1172 3468; x_wconf 92' lang='lat'>&#39;</span> 
     </span>
     <span class='ocr_line' id='line_1_30' title="bbox 59 3539 1131 3648; baseline 0.007 -33"><span class='ocrx_word' id='word_1_223' title='bbox 59 3539 207 3617; x_wconf 75' lang='lat' dir='ltr'>Frontonis</span> <span class='ocrx_word' id='word_1_224' title='bbox 235 3549 366 3648; x_wconf 66' lang='lat' dir='ltr'>Ilaooci</span> <span class='ocrx_word' id='word_1_225' title='bbox 393 3557 654 3624; x_wconf 79' lang='lat' dir='ltr'>annotationibus</span> <span class='ocrx_word' id='word_1_226' title='bbox 681 3561 715 3622; x_wconf 94' lang='lat' dir='ltr'>in</span> <span class='ocrx_word' id='word_1_227' title='bbox 743 3557 850 3626; x_wconf 86' lang='lat' dir='ltr'>lucem</span> <span class='ocrx_word' id='word_1_228' title='bbox 876 3555 996 3640; x_wconf 85' lang='lat' dir='ltr'>prodiit</span> <span class='ocrx_word' id='word_1_229' title='bbox 1026 3553 1131 3622; x_wconf 85' lang='lat' dir='ltr'>Colon.</span> 
     </span>
     <span class='ocr_line' id='line_1_31' title="bbox 60 3647 1131 3744; baseline 0.009 -28"><span class='ocrx_word' id='word_1_230' title='bbox 60 3655 135 3718; x_wconf 77' lang='grc'><strong>1596.</strong></span> <span class='ocrx_word' id='word_1_231' title='bbox 143 3655 175 3739; x_wconf 82' lang='lat' dir='ltr'>s.</span> <span class='ocrx_word' id='word_1_232' title='bbox 199 3681 238 3724; x_wconf 88' lang='lat' dir='ltr'>ao</span> <span class='ocrx_word' id='word_1_233' title='bbox 260 3647 392 3744; x_wconf 75' lang='lat' dir='ltr'>saepius</span> <span class='ocrx_word' id='word_1_234' title='bbox 412 3683 484 3726; x_wconf 88' lang='lat' dir='ltr'>curn</span> <span class='ocrx_word' id='word_1_235' title='bbox 505 3663 627 3727; x_wconf 88' lang='lat' dir='ltr'>ibidem</span> <span class='ocrx_word' id='word_1_236' title='bbox 649 3676 714 3728; x_wconf 89' lang='lat' dir='ltr'>tum</span> <span class='ocrx_word' id='word_1_237' title='bbox 738 3665 837 3727; x_wconf 84' lang='lat' dir='ltr'>etiam</span> <span class='ocrx_word' id='word_1_238' title='bbox 851 3661 984 3729; x_wconf 82' lang='lat' dir='ltr'>Parisiis</span> <span class='ocrx_word' id='word_1_239' title='bbox 1005 3683 1131 3728; x_wconf 82' lang='lat' dir='ltr'>recusa.</span> 
     </span>
     <span class='ocr_line' id='line_1_32' title="bbox 59 3749 1130 3858; baseline 0.004 -34"><span class='ocrx_word' id='word_1_240' title='bbox 59 3749 134 3824; x_wconf 79' lang='lat' dir='ltr'>Hono</span> <span class='ocrx_word' id='word_1_241' title='bbox 154 3775 264 3829; x_wconf 87' lang='lat' dir='ltr'>aeeuta</span> <span class='ocrx_word' id='word_1_242' title='bbox 287 3779 337 3830; x_wconf 87' lang='lat' dir='ltr'>est</span> <span class='ocrx_word' id='word_1_243' title='bbox 359 3765 425 3830; x_wconf 87' lang='lat' dir='ltr'>alia</span> <span class='ocrx_word' id='word_1_244' title='bbox 448 3779 481 3830; x_wconf 88' lang='lat' dir='ltr'>et</span> <span class='ocrx_word' id='word_1_245' title='bbox 503 3789 544 3832; x_wconf 89' lang='lat' dir='ltr'>ea</span> <span class='ocrx_word' id='word_1_246' title='bbox 566 3771 744 3858; x_wconf 82' lang='lat' dir='ltr'>accuratior</span> <span class='ocrx_word' id='word_1_247' title='bbox 768 3779 801 3831; x_wconf 88' lang='lat' dir='ltr'>et</span> <span class='ocrx_word' id='word_1_248' title='bbox 823 3765 1003 3854; x_wconf 79' lang='lat' dir='ltr'>elegantior</span> <span class='ocrx_word' id='word_1_249' title='bbox 1025 3763 1130 3830; x_wconf 86' lang='lat' dir='ltr'>studio</span> 
     </span>
     <span class='ocr_line' id='line_1_33' title="bbox 58 3853 1129 3954; baseline 0.007 -28"><span class='ocrx_word' id='word_1_250' title='bbox 58 3853 232 3932; x_wconf 76' lang='lat' dir='ltr'>loldrnest.</span> <span class='ocrx_word' id='word_1_251' title='bbox 260 3866 415 3949; x_wconf 82' lang='lat' dir='ltr'>Grobit‘,</span> <span class='ocrx_word' id='word_1_252' title='bbox 437 3871 538 3954; x_wconf 79' lang='lat' dir='ltr'>ipsine</span> <span class='ocrx_word' id='word_1_253' title='bbox 561 3885 594 3936; x_wconf 88' lang='lat' dir='ltr'>et</span> <span class='ocrx_word' id='word_1_254' title='bbox 616 3871 753 3940; x_wconf 86' lang='lat' dir='ltr'>aliorum</span> <span class='ocrx_word' id='word_1_255' title='bbox 775 3871 852 3940; x_wconf 90' lang='lat' dir='ltr'>DD.</span> <span class='ocrx_word' id='word_1_256' title='bbox 875 3869 948 3938; x_wconf 84' lang='lat' dir='ltr'>VV.</span> <span class='ocrx_word' id='word_1_257' title='bbox 972 3873 1057 3936; x_wconf 88' lang='lat' dir='ltr'>notis</span> <span class='ocrx_word' id='word_1_258' title='bbox 1079 3873 1129 3935; x_wconf 93' lang='lat' dir='ltr'>in·</span> 
     </span>
     <span class='ocr_line' id='line_1_34' title="bbox 58 3971 1131 4064; baseline 0.007 -35"><span class='ocrx_word' id='word_1_259' title='bbox 58 3971 157 4034; x_wconf 78' lang='lat' dir='ltr'>ttruota</span> <span class='ocrx_word' id='word_1_260' title='bbox 190 3976 344 4059; x_wconf 88' lang='lat' dir='ltr'>novisque</span> <span class='ocrx_word' id='word_1_261' title='bbox 378 3975 568 4063; x_wconf 82' lang='lat' dir='ltr'>fragmentis</span> <span class='ocrx_word' id='word_1_262' title='bbox 601 3981 726 4064; x_wconf 81' lang='lat' dir='ltr'>graecia</span> <span class='ocrx_word' id='word_1_263' title='bbox 759 3973 975 4063; x_wconf 63' lang='lat' dir='ltr'>locupletata,</span> <span class='ocrx_word' id='word_1_264' title='bbox 1013 3971 1131 4039; x_wconf 75' lang='lat' dir='ltr'>(laonii</span> 
     </span>
     <span class='ocr_line' id='line_1_35' title="bbox 60 4061 1128 4176; baseline 0.005 -39"><span class='ocrx_word' id='word_1_265' title='bbox 60 4073 134 4137; x_wconf 76' lang='lat'><strong>¹⁷⁰⁸.</strong></span> <span class='ocrx_word' id='word_1_266' title='bbox 148 4073 183 4158; x_wconf 80' lang='lat' dir='ltr'>s.</span> <span class='ocrx_word' id='word_1_267' title='bbox 228 4077 381 4144; x_wconf 87' lang='lat' dir='ltr'>Omnium</span> <span class='ocrx_word' id='word_1_268' title='bbox 402 4061 481 4147; x_wconf 74' lang='lat' dir='ltr'>iero</span> <span class='ocrx_word' id='word_1_269' title='bbox 503 4085 782 4166; x_wconf 79' lang='lat' dir='ltr'>praestantissima</span> <span class='ocrx_word' id='word_1_270' title='bbox 802 4083 921 4169; x_wconf 85' lang='lat' dir='ltr'>prodiit</span> <span class='ocrx_word' id='word_1_271' title='bbox 941 4101 998 4164; x_wconf 84' lang='lat' dir='ltr'>per</span> <span class='ocrx_word' id='word_1_272' title='bbox 1021 4077 1128 4176; x_wconf 70' lang='lat' dir='ltr'>Reno-</span> 
     </span>
     <span class='ocr_line' id='line_1_36' title="bbox 59 4175 1130 4276; baseline 0.007 -35"><span class='ocrx_word' id='word_1_273' title='bbox 59 4177 107 4236; x_wconf 74' lang='lat' dir='ltr'>lttt</span> <span class='ocrx_word' id='word_1_274' title='bbox 132 4175 380 4249; x_wconf 83' lang='lat' dir='ltr'>Moesoetorn</span> <span class='ocrx_word' id='word_1_275' title='bbox 412 4185 447 4250; x_wconf 88' lang='lat'>0.</span> <span class='ocrx_word' id='word_1_276' title='bbox 478 4183 515 4252; x_wconf 85' lang='lat' dir='ltr'>S.</span> <span class='ocrx_word' id='word_1_277' title='bbox 538 4185 578 4252; x_wconf 85' lang='grc' dir='ltr'>Β.</span> <span class='ocrx_word' id='word_1_278' title='bbox 602 4205 652 4252; x_wconf 72' lang='lat' dir='ltr'>eto</span> <span class='ocrx_word' id='word_1_279' title='bbox 682 4189 927 4276; x_wconf 78' lang='lat' dir='ltr'>congregatione</span> <span class='ocrx_word' id='word_1_280' title='bbox 954 4179 990 4252; x_wconf 82' lang='lat' dir='ltr'>S.</span> <span class='ocrx_word' id='word_1_281' title='bbox 1014 4179 1130 4248; x_wconf 73' lang='lat' dir='ltr'>Maon</span> 
     </span>
     <span class='ocr_line' id='line_1_37' title="bbox 59 4271 1125 4380; baseline 0.003 -31"><span class='ocrx_word' id='word_1_282' title='bbox 59 4271 246 4365; x_wconf 68' lang='lat' dir='ltr'>Monachum,</span> <span class='ocrx_word' id='word_1_283' title='bbox 275 4287 414 4354; x_wconf 79' lang='lat' dir='ltr'>Parisiis</span> <span class='ocrx_word' id='word_1_284' title='bbox 443 4297 539 4358; x_wconf 84' lang='grc'><strong>1710.</strong></span> <span class='ocrx_word' id='word_1_285' title='bbox 553 4290 606 4375; x_wconf 65' lang='lat' dir='ltr'>f„</span> <span class='ocrx_word' id='word_1_286' title='bbox 636 4306 670 4358; x_wconf 86' lang='lat' dir='ltr'>et</span> <span class='ocrx_word' id='word_1_287' title='bbox 691 4308 764 4359; x_wconf 87' lang='lat' dir='ltr'>cnm</span> <span class='ocrx_word' id='word_1_288' title='bbox 785 4292 975 4380; x_wconf 79' lang='lat' dir='ltr'>fragmentis</span> <span class='ocrx_word' id='word_1_289' title='bbox 997 4289 1125 4356; x_wconf 71' lang='lat' dir='ltr'>benoni</span> 
     </span>
    </p>
   </div>
   <div class='ocr_carea' id='block_1_11' title="bbox 0 0 1348 4794">
    <p class='ocr_par' dir='ltr' id='par_1_11' title="bbox 0 0 1348 4794">
     <span class='ocr_line' id='line_1_38' title="bbox 0 0 1348 4794; baseline 0 3"><span class='ocrx_word' id='word_1_290' title='bbox 0 0 1348 4794; x_wconf 95' lang='lat' dir='ltr'> </span> 
     </span>
    </p>
   </div>
  </div>
 </body>
</html>
