2710 4802
135 509 320 594 Claudiana,
342 511 531 602 Aegialiutt
553 525 587 578 et
611 513 806 595 clamatus,
828 535 964 600 quorum
985 519 1107 601 primm
1128 516 1238 600 phile·

133 601 468 706 sophiee'magister,
491 619 651 686 secundus
672 621 835 700 medicus,
858 623 973 688 tertius
994 624 1239 708 grammaticus,

133 719 315 811 postremus
337 723 484 808 sophista
504 723 576 792 fuit.
621 724 685 790 His
704 728 804 812 igitur
816 728 1000 792 constitutis
1014 745 1064 792 ex
1074 730 1240 792 commui

48 889 51 897 ι
91 893 94 900 ,
134 827 297 897 censensu
318 827 488 913 judicibes
510 827 665 908 sidericis,
699 853 761 910 ue,
784 833 813 896 ei
836 827 1014 896 Christiani
1032 831 1162 916 judiees
1185 853 1239 898 ee·

134 949 230 1015 sent,
264 935 452 1000 viderentur
473 933 637 1000 Archelao
669 935 813 1014 luviem,
847 934 950 1000 multa
977 935 1063 1000 ultro
1091 936 1239 1020 citroque

130 1046 257 1129 jactata
270 1055 378 1136 luunt,
413 1061 486 1106 cum
515 1039 592 1104 hinc
620 1039 740 1106 Manes
769 1039 898 1106 lahnlas
926 1061 1002 1105 suas
1031 1055 1239 1124 proponeret,

134 1147 211 1214 inde
233 1143 415 1212 Archelaus
438 1143 528 1210 velut
549 1147 701 1232 egregius
723 1145 819 1212 miles
834 1145 1013 1210 adversarii
1035 1144 1102 1210 tela
1123 1148 1157 1210 ri
1178 1167 1240 1212 sua
1331 1211 1332 1230 2

135 1237 174 1318 ac
195 1253 316 1316 virtute
338 1249 523 1316 discuteret.
576 1249 742 1316 Postremo
772 1250 877 1316 uictor
899 1259 946 1315 ert
967 1248 1104 1327 Manes,
1134 1273 1179 1315 ac
1196 1252 1239 1318 de
1331 1239 1332 1244 ἵ

121 1353 278 1442 «judicum
300 1356 465 1420 sententia
485 1357 616 1420 veritati
639 1357 749 1422 cessit.
801 1353 875 1432 Quo
905 1356 991 1419 lecto
1020 1353 1140 1420 Manes
1162 1355 1240 1442 fuga

52 1482 53 1490 ¹
135 1461 199 1528 sibi
230 1459 403 1539 consuluit,
434 1469 468 1523 et
496 1457 710 1525 Diodoridera'
733 1462 847 1548 (pagus
868 1463 898 1525 is
921 1463 1026 1525 estin
1050 1457 1240 1539 (insultatis)

136 1588 211 1633 sese
234 1563 389 1643 contulit,
418 1563 476 1628 nbi
497 1561 660 1631 Diodorus
689 1565 817 1649 quidam
849 1553 938 1644 erat,
967 1567 1017 1629 vir
1039 1565 1178 1648 optimus
1199 1587 1240 1629 ac

137 1685 203 1735 tum
224 1670 291 1734 loci
312 1668 402 1733 illius
419 1667 604 1752 presbyter.
659 1669 711 1735 Ad
732 1669 818 1734 hunc
838 1667 958 1736 Manes
980 1669 1146 1735 didertens
1168 1691 1240 1734 rur·

132 1768 192 1840 'sus
214 1775 353 1839 miscere
376 1775 498 1853 omnia,
521 1763 559 1840 a'c
582 1795 619 1838 ιιι
641 1788 832 1861 arroganter
854 1775 971 1839 efferre
985 1779 1102 1860 coepit,
1125 1785 1241 1840 nectus

136 1877 303 1944 horrrinem
326 1877 471 1961 alioquin
493 1877 613 1944 bonum
637 1893 670 1944 et
692 1878 871 1944 excellenti
901 1879 1022 1962 pietate
1044 1877 1241 1963 praeditum,

137 1980 198 2052 aad
220 1987 299 2049 artis
323 1983 514 2049 dialecticae
546 1983 707 2066 praesidio
738 1984 938 2049 destitutum.
981 1977 1107 2048 Verum
1128 2005 1173 2048 ne
1194 1987 1243 2050 sic

139 2089 280 2174 quidem,
302 2091 350 2153 uti
371 2102 571 2171 speraverat,
593 2087 732 2154 illudere
753 2085 876 2154 Christi
898 2109 992 2152 servo
1014 2091 1129 2172 potnit.
1176 2087 1243 2154 Sed

138 2217 212 2263 cum
233 2195 350 2258 iterum
373 2215 446 2259 cum
459 2193 607 2260 Diodoro
630 2193 785 2280 congredi
807 2185 996 2272 vellet,.hic
1017 2213 1086 2257 rern
1111 2215 1242 2258 omnem

99 2341 104 2352 κ
138 2321 196 2384 per
217 2299 331 2366 literas
353 2297 513 2362 Archelao
544 2297 716 2385 significat.
769 2295 895 2376 Quibus
925 2299 1087 2363 nunciatis
1116 2297 1242 2384 Arche

27 2429 36 2446 ,
137 2403 211 2468 laus
233 2403 275 2468 ad
297 2424 372 2467 eum
401 2401 550 2468 rescribit
571 2403 730 2482 breviter,
760 2401 905 2467 Maneti‘s
935 2421 1063 2467 errores
1085 2405 1243 2486 perstrin-

139 2529 247 2596 gens,
287 2519 320 2571 et
338 2571 339 2580 ,
355 2519 391 2571 ut
424 2495 598 2572 adrentum
634 2527 727 2572 sunm
764 2506 1017 2590 praestolaretur
1054 2507 1244 2574 adhortans.

139 2611 273 2678 Interim
306 2610 426 2676 Manes
455 2611 597 2676 medium
626 2614 659 2676 in
690 2633 806 2699 pagum
835 2633 960 2677 summo
991 2611 1135 2678 diluculo
1170 2635 1243 2698 pro·
1331 2695 1332 2708 χ

142 2717 235 2783 diens
264 2715 445 2781 Diodorum
476 2715 517 2780 ad
546 2716 771 2799 disputandum
799 2727 963 2801 provocat.
1015 2715 1082 2794 Qui
1111 2739 1185 2782 cnm
1210 2741 1244 2783 se
1331 2729 1332 2734 ’

23 2845 24 2850 ’
77 2875 83 2891 .
141 2823 309 2902 stetisset,
344 2835 377 2886 et
399 2823 441 2887 ad
464 2825 594 2901 omnia,
628 2843 712 2906 quae
735 2823 941 2906 quaesierat,
974 2819 1165 2907 singulatim
1186 2847 1246 2906 pro
1331 2815 1332 2830 ¹

143 2951 194 3006 ea,
218 2947 313 3012 quam
336 2948 356 2991 a
378 2925 452 2992 Deo
476 2939 663 3011 acceperat,
688 2927 856 3010 'sapientia
877 2921 1116 3008 respondisset,
1149 2941 1246 3011 atque

49 3033 52 3040 ’
142 3035 350 3116 impostorem
380 3031 487 3097 lenius
511 3033 668 3118 agitaret,
699 3031 783 3114 apud
808 3052 847 3097 se
877 3018 1029 3095 nonnihil
1058 3029 1247 3107 haesitans:

142 3149 278 3223 repente
301 3135 482 3203 Archelaus
512 3158 573 3200 nec
604 3137 736 3220 opinato
768 3147 957 3221 conspectus
988 3148 1056 3216 est,
1083 3137 1142 3220 'spui
1172 3149 1246 3204 tan-

142 3263 238 3328 qaam
261 3243 437 3306 acerrimus
464 3241 698 3325 paterfamilias
719 3263 912 3326 suorumque
934 3241 1191 3307 studiosissimus
1213 3245 1248 3308 iu

142 3347 341 3432 praedonem
376 3345 519 3412 fremens
548 3348 693 3412 incurrit.
747 3345 854 3424 Quem
882 3357 918 3411 ut
945 3345 1064 3412 Manes
1102 3351 1247 3431 aspexit,

143 3451 297 3518 simulata
318 3451 495 3517 blanditia:
540 3448 642 3530 „Sine
663 3471 727 3530 rue,
757 3453 878 3536 inquit,
909 3469 978 3514 corr
1006 3447 1151 3516 Diodoro
1172 3474 1247 3517 coo-

144 3557 278 3622 tendere
285 3580 297 3636 ,·
329 3565 366 3621 lu
396 3557 479 3620 enim
500 3575 566 3636 ore,
597 3575 665 3620 cum
687 3555 732 3622 cis
753 3557 934 3642 episcopus,
966 3553 1131 3643 digrrr'tote
1152 3579 1247 3644 rupe-

145 3669 236 3728 ras.“
280 3661 463 3728 Archelaus
496 3683 573 3727 vero
609 3682 654 3726 ex
689 3681 753 3740 eo,
787 3662 872 3746 quod
899 3663 971 3746 jam
1003 3659 1094 3748 illius
1127 3663 1249 3752 dogma

145 3769 345 3837 confutatum
368 3780 456 3848 erat,
490 3765 591 3832 multo
621 3767 725 3853 magis
752 3767 970 3834 simulationis
992 3789 1067 3834 eum
1089 3773 1247 3858 coarguit,

146 3897 247 3960 usqne
269 3873 320 3940 illi
350 3895 481 3958 prorsus
504 3871 649 3938 occlusit.
695 3867 800 3953 Tum,
831 3894 914 3958 qnae
937 3873 979 3938 ah
1000 3873 1061 3939 illo
1082 3881 1249 3961 proposita

144 3968 285 4060 iderant,
308 3977 489 4072 dissolvens
512 4000 631 4044 novum
654 3979 685 4042 ei
706 3978 861 4062 pudorem
882 3981 1035 4060 incussit,
1057 3993 1095 4046 ut
1113 4003 1157 4044 ne
1179 3979 1247 4047 his·

146 4107 221 4152 cere
244 4084 372 4168 quidem
395 4081 532 4168 amplius
555 4083 700 4148 auderet.
746 4081 813 4150 Sub
841 4081 924 4152 haec
944 4080 1081 4169 populus
1103 4083 1247 4152 ardenti·

145 4189 207 4254 bns
227 4211 355 4254 rursum
377 4191 494 4254 animis
516 4188 690 4255 scelestum
710 4187 805 4256 illum
826 4177 1005 4274 opprimere
1028 4202 1163 4258 conatus
1185 4203 1245 4256 est.

106 4375 110 4382 ¹
147 4289 293 4374 Quorum
313 4293 372 4388 ille
393 4315 509 4361 manus
532 4295 691 4382 effugiens
721 4295 764 4360 ad
796 4295 966 4362 castellnm
996 4294 1171 4364 Arabionis
1192 4317 1246 4362 re·
