2654 4784
577 299 671 372 ,311
766 309 768 314 ’
877 313 879 318 ’

84 517 216 608 plurali,
238 519 274 584 in
291 513 445 602 judiciali
469 527 578 584 autem
599 519 765 584 sententia
788 519 884 585 unius
906 521 1185 601 tantumimpera·
1314 517 1317 526 '

85 625 165 689 toris
192 624 317 687 mentio
347 617 423 694 datr
451 619 563 700 tortio,
593 624 677 706 quad
704 625 810 708 patria
832 622 867 688 S.
890 623 1037 704 Hilsais,
1067 623 1186 690 Justini
1261 627 1271 644 ‘

84 729 179 808 sooii,
203 727 329 792 dioatm
350 725 452 792 fuisse
473 725 619 792 leonium
640 730 675 793 in
689 727 841 815 Phrygia,
864 729 941 794 nrhs
965 731 1025 794 toti
1047 731 1186 813 untiqui-

85 825 144 900 rati
162 833 346 934 incognita.
390 831 442 897 Ad
463 830 524 896 hes
545 831 646 920 igitur
666 832 876 918 *objectiones
897 831 1090 900 Maaoehius
1113 855 1187 898 eru·

84 939 246 1004 ditissime
274 936 468 1020 respondet,
498 957 619 1022 easque
646 935 743 1003 facila
770 937 951 1028 submovet.
995 937 1082 1004 Mihi
1109 961 1187 1004 vero

88 1043 300 1110 nihilominus
323 1036 538 1107 nonnulle'in
560 1055 670 1109 ruente
684 1042 851 1126 resident,
865 1065 947 1126 quae
964 1045 1188 1126 nescioquam

89 1149 169 1216 mihi
192 1147 278 1214 de‘'
254 1167 299 1212 ιιι
320 1145 555 1211 dubitationem
571 1146 769 1232 relinquunt.
814 1151 959 1214 Lacunis
982 1149 1110 1233 quidem
1133 1155 1189 1216 aut
1239 1225 1244 1236 ι
1319 1148 1323 1156 ’

87 1240 395 1338 interpolationibus
422 1250 573 1322 laborare
603 1251 707 1318 nobis·
727 1275 792 1318 aon
820 1254 988 1328 videntum
1018 1255 1138 1318 etenim
1160 1256 1190 1321 si

87 1361 237 1443 exeipius
267 1369 401 1442 quatuor
422 1360 547 1442 priores
576 1357 700 1438 lineas,
730 1360 833 1426 instar
860 1358 1075 1444 praefationis
1097 1359 1188 1426 addi-

86 1481 150 1544 tas,
174 1461 313 1530 nullum
324 1465 468 1547 reperies
491 1483 607 1528 munus
629 1463 811 1550 audaeipris
835 1463 972 1528 facinus.
1018 1461 1086 1529 Sed
1103 1487 1188 1545 enm,

86 1591 185 1654 quem
207 1571 242 1663 in
272 1566 347 1632 aliis
370 1568 604 1650 antiquissimis
635 1570 706 1652 ejus
735 1569 867 1654 generis
889 1569 1109 1634 monumentis
1131 1568 1189 1633 oh·
1251 1563 1268 1572 ”

86 1695 269 1752 servamus,
293 1669 427 1735 colorem
444 1671 616 1756 proprium
638 1685 671 1736 et
685 1670 941 1768 quasiootivoss
957 1671 1189 1754 desideramus,

86 1765 135 1846 ita
157 1791 194 1844 ιιι
215 1779 322 1861 potius
345 1776 417 1840 ad'
407 1763 584 1864 maginem
608 1775 898 1842 etsimilitudineru
912 1775 1105 1842 traditionis
1115 1799 1190 1842 oro·

86 1884 132 1948 iis
153 1881 260 1947 relata
281 1880 462 1961 videantur,
486 1903 581 1966 quern
603 1883 747 1948 narretio
769 1903 889 1959 rerum,
913 1903 991 1965 ques
1014 1884 1106 1950 testis
1126 1883 1192 1948 ssrs's

87 1989 162 2072 ipso
184 1984 326 2050 sensibus
347 1989 501 2071 percepit.
525 1985 583 2065 ,ld
605 2008 732 2070 quoque
754 1983 851 2050 facila
874 1987 1094 2080 oonoaduuus,
1118 2009 1191 2055 esse

89 2115 133 2158 ea
160 2094 270 2175 ntique
299 2089 453 2176 otsts‘qoo5
483 2091 624 2174 simplex
654 2095 741 2160 euim
763 2113 871 2156 sermo
895 2103 962 2170 est,
986 2105 1020 2155 ιι
1042 2094 1192 2157 oratoriis

88 2198 205 2285 figuris
227 2199 334 2261 minus
357 2195 471 2280 cultas,
507 2194 620 2282 Neque
636 2185 1074 2281 silentioAntiqoosuospius
1089 2197 1191 2278 aeqmr

89 2303 237 2371 stibuere
251 2305 294 2372 ¹in
317 2302 425 2368 auimo
450 2313 511 2380 est,
535 2303 680 2386 qusmsis
702 2300 799 2366 vulda
821 2301 938 2387 mirum
957 2301 1011 2379 sit,
1034 2297 1118 2383 quod
1132 2321 1192 2365 na·

91 2431 154 2493 qne
176 2405 353 2484 Eusebius,
382 2407 437 2490 qui
466 2405 632 2492 multoties
660 2418 694 2469 et
716 2427 781 2470 non
812 2407 883 2470 sine
913 2403 1127 2470 admiratione
1150 2405 1192 2470 de

92 2513 131 2576 S.
153 2512 283 2578 Iustino
304 2511 456 2596 loquitur,
480 2533 586 2596 neque
609 2509 693 2576 alias
716 2511 873 2593 quispiam
896 2512 1108 2576 vetustiorum
1129 2509 1192 2576 Pe·

91 2630 175 2683 trum
198 2617 282 2682 haee
303 2607 386 2683 Aeto
408 2618 721 2682 commemoraverit.
1123 2624 1126 2633 ·

324 2831 356 2891 3.
389 2825 581 2889 Actorum
602 2823 739 2890 branis
760 2821 966 2890 nassutio.

73 3033 82 3044 ,
181 2968 211 3054 §·
234 2975 340 3044 2820
384 2965 485 3046 „Quo
514 2977 657 3049 tempore
686 2965 801 3032 nefarii
829 2967 1067 3051 superstitionis
1089 2963 1195 3030 idolo·

92 3094 165 3138 rura
187 3084 442 3159 propugnatores
463 3073 563 3154 impia
584 3086 698 3138 eontra
721 3071 925 3138 Christianos
938 3116 970 3136 ..
994 3071 1100 3136 edictu
1122 3091 1196 3156 prp-

25 3249 29 3257 ,
91 3189 283 3264 posuerunt,
305 3190 352 3258 ut,
376 3177 562 3266 quicunque
569 3174 747 3242 Christiani
770 3177 964 3261 deprehensi
979 3189 1101 3255 essent,
1124 3174 1222 3240 ido··

92 3283 137 3349 lis
158 3279 344 3348 sacrificare
367 3293 578 3372 augerentur;
601 3279 983 3374 comprehensiJosts'stos
1007 3295 1039 3345 ιι
1055 3285 1108 3366 qai
1124 3301 1196 3350 oum

93 3387 153 3454 illo
177 3401 283 3466 erant,
307 3403 341 3454 ιι
362 3387 488 3452 adducti
511 3397 586 3450 sunt
607 3385 656 3450 ad
662 3383 831 3452 Rusticum
846 3385 970 3452 Rornae
992 3385 1081 3451 urbis
1101 3407 1193 3470 prae·

94 3493 210 3559 sidem.
265 3489 389 3568 Quibus
425 3501 503 3555 ante
538 3485 680 3555 tribunal
710 3493 895 3558 constitutis
927 3489 1126 3568 Rusticus
1155 3490 1198 3556 ad

95 3599 275 3664 lustinum:
297 3595 383 3684 Age,
404 3597 520 3680 inquit,
544 3607 615 3660 esto
624 3592 729 3661 diis
720 3599 798 3680 rpsis
821 3595 978 3661 obediens
1002 3608 1035 3661 at
1057 3599 1198 3681 impera-

96 3706 175 3769 toris
200 3703 328 3767 edictis!
372 3699 565 3764 Justs'ssos
587 3713 713 3766 autem:
736 3699 841 3766 Nemo
862 3723 1022 3786 unquam,
1052 3704 1116 3782 sit,
1144 3723 1196 3764 re·

94 3807 254 3894 prehendi
285 3819 340 3872 out
368 3807 577 3871 condemnari
606 3807 766 3888 potuerit,
797 3807 851 3889 qui
881 3803 1065 3872 Solooton's
1093 3805 1198 3870 nostri

93 3911 180 3976 lesu
202 3908 324 3975 Christi
355 3911 567 3998 praereptis
568 3909 739 4012 obedierit.
793 3908 880 3976 Tum
907 3909 1127 3976 Baeticos.
1158 3909 1197 3976 ln

94 4021 284 4103 cujusnam,
308 4017 429 4104 inquit,
454 4015 642 4082 eruditionis
666 4037 703 4080 ae
726 3989 917 4100 disciplinae
938 4037 1061 4104 genere
1085 4037 1196 4081 sersa-
1215 4020 1222 4026 '

93 4121 160 4188 risi
195 4117 257 4186 cui
278 4119 489 4185 tostinus:
512 4119 667 4187 Omnium
689 4119 932 4205 disciplinarum
953 4120 1197 4210 genusdisoere

94 4238 343 4307 somniassem,
372 4247 563 4311 omnemque
587 4225 803 4293 eruditionem
828 4239 1002 4314 expertus,
1032 4237 1197 4311 postremo

93 4355 174 4399 raro
199 4329 459 4398 Christianorum
488 4331 654 4397 doetrinae
685 4330 841 4412 adhaesi,
871 4333 1016 4418 quemvis
1038 4327 1105 4396 'illa
1128 4349 1194 4395 non
