2710 4802
549 245 873 408 car·

133 543 287 612 acientiue
308 535 533 610 Alexandriae
557 541 679 612 ducens
706 547 865 632 majorem
888 547 992 614 indice
1014 549 1056 614 ad
1076 566 1113 614 ee
1133 557 1223 616 ctae

130 651 186 716 xit
207 647 435 736 discipulorum
458 669 645 731 nnmerum,
680 652 836 736 equibue
869 649 1005 720 durante
1036 654 1138 721 adhuc
1158 672 1222 740 pet·

131 755 300 822 recuticne
323 753 452 838 quidum
474 757 682 838 usqueadeo
704 755 937 839 inclaruerunt,
959 771 998 824 ut
1011 757 1223 844 cumpreheaai

128 881 187 944 pro
212 857 334 925 Christi
362 857 425 924 fide
454 862 609 943 martyrio
641 861 802 945 persancti
831 866 906 928 aiut.
959 865 1087 930 Herum
1114 869 1224 948 primur

39 959 40 968 ’
130 963 190 1030 fnit
212 953 478 1044 Plutarchus,
513 963 614 1029 frater
638 965 826 1048 Heracleo,
861 970 913 1053 qni
948 967 984 1034 S.
1008 968 1173 1035 Demetrio
1193 973 1223 1035 in

39 1105 40 1114 ι
116 1073 316 1162 ¹episcopatu
337 1071 503 1138 succeseit.
548 1067 614 1147 llli,
640 1095 712 1136 cnm
736 1073 778 1136 ad
800 1087 937 1138 mortem
951 1075 1133 1153 duceretur,
1155 1073 1223 1139 0ri-

127 1197 230 1264 genea
253 1177 294 1241 ad
317 1189 499 1241 extremum
521 1195 624 1259 neque
647 1179 736 1242 vitae
766 1181 938 1244 terminum
968 1181 1151 1246 individuae
1171 1179 1222 1244 ud·

127 1281 304 1364 haerebat,
336 1296 432 1368 utque
456 1303 568 1368 param
592 1281 715 1363 abluit,
749 1286 825 1368 quin
856 1283 896 1348 ab
918 1283 1012 1350 illius
1035 1286 1223 1351 occideretur

127 1383 270 1469 civibae,
299 1399 411 1470 utpote
444 1387 499 1474 qui
530 1387 602 1471 ejue
634 1391 732 1453 necis¹
754 1401 866 1453 auctor
887 1389 1014 1456 faiaaet.
1059 1389 1134 1456 l‘cat
1153 1383 1220 1454 Plu-

126 1494 271 1565 tarchnm
294 1491 456 1558 necandae
488 1513 532 1557 cx
556 1489 711 1578 origeni·
740 1493 905 1576 diecipnlle
933 1509 1058 1580 martyr
1085 1495 1144 1559 init
1163 1489 1218 1556 Se·

126 1621 255 1679 renue,
279 1601 334 1683 qni
355 1597 474 1678 fidem,
506 1617 601 1682 qaam
624 1611 812 1680 acceperat,
846 1603 922 1686 igne
947 1603 1166 1666 examinutum
1186 1617 1218 1662 ac

125 1704 293 1791 probatam
316 1701 481 1768 exhihuit.
527 1701 660 1767 Tertiae
684 1703 867 1788 exeudcm
890 1703 1005 1770 schola
1028 1707 1146 1786 martyr
1166 1721 1218 1766 ex·

125 1813 191 1878 titit
212 1805 480 1888 Heraclides,
515 1807 693 1872 ac'deiude
717 1819 848 1890 quartae
870 1805 1027 1886 Herem
1043 1808 1151 1872 'ambo
1170 1827 1215 1871 re·

125 1919 195 1988 curi
216 1913 382 2002 percnsei,
403 1915 493 1998 prior
515 1912 590 1976 dum
614 1910 719 1976 adhuc
743 1924 832 1976 essct
853 1909 1123 1990 catechumenus,
1145 1909 1216 1974 alter

124 2047 203 2093 vero
226 2017 420 2103 neophytae.
465 2012 601 2082 Praeter
623 2013 684 2080 hos
706 2017 835 2099 quintus
858 2039 902 2082 ex
930 2017 1047 2080 eodem
1070 2015 1214 2081 auditorio

127 2131 324 2198 nltrietienae
346 2125 479 2208 pietetie
498 2119 622 2186 athleta
638 2123 847 2186 renunciatur
863 2135 913 2186 eat
935 2118 1108 2185 Sereana
1128 2117 1214 2202 priori

39 2235 40 2240 ’
124 2235 177 2304 illi
205 2229 428 2320 cognominis,
465 2229 536 2311 qni,
575 2247 646 2290 cum
676 2225 832 2308 plurimos
862 2227 1024 2290 cruciatur
1053 2223 1212 2304 fortissime

126 2339 332 2430 portellum,
361 2333 493 2400 tundent
523 2332 628 2414 eapite
659 2343 824 2396 truncatae
852 2329 952 2395 iniere
982 2331 1107 2394 dicitnr.
1155 2321 1212 2389 Sed

127 2462 161 2514 et
184 2467 229 2512 ex
250 2441 422 2509 mulierum
444 2457 578 2502 numero
610 2433 730 2500 Heraia
760 2433 917 2519 quaedem
948 2433 1054 2500 adhuc
1074 2429 1211 2499 catechu-

126 2573 224 2618 meaa
245 2569 303 2634 per
324 2549 453 2633 ignem,
482 2553 518 2606 ut
546 2543 616 2622 ipse
639 2539 801 2626 Origenes
824 2539 944 2606 alicubi
975 2541 1071 2618 dicit,
1105 2536 1209 2620 beptit·

124 2667 213 2725 muru
234 2655 353 2736 adepta
375 2671 420 2714 ex
442 2646 504 2710 hac
525 2643 599 2709 luce
621 2647 828 2730 migrarit.³)
873 2645 1036 2728 Septimus
1058 2648 1141 2710 inter
1159 2637 1210 2704 hu

124 2771 313 2830 retentetur
342 2751 526 2828 Betilt‘der,
561 2751 610 2828 is,
647 2752 702 2833 qni
731 2749 977 2816 celeberrimum
1008 2750 1098 2816 illata
1126 2745 1209 2813 Pota·

125 2869 288 2932 miaenem
312 2859 353 2925 ed
386 2853 577 2938 canalicium
607 2853 754 2919 abduxit.
769 2856 802 2936 ⁴)
858 2851 925 2920 Sed
956 2855 997 2922 dc
1032 2855 1084 2922 hia
1113 2850 1208 2918 atatim

123 2969 217 3056 plura
238 2965 361 3033 referre
384 2960 663 3046 operaepretium
686 2961 759 3024 erit.

652 3237 693 3306 B.

202 3393 268 3469 SS.
300 3389 599 3476 Praemiacum,
635 3381 844 3458 Marcellae
881 3397 922 3458 et
955 3379 1137 3461 Basilidin

549 3506 788 3600 martyrium.

209 3707 239 3794 l·
273 3711 371 3784 567·
430 3699 468 3765 la
502 3697 616 3764 eudem
651 3697 876 3780 pcreecntione
909 3695 1031 3784 glorian
1064 3686 1202 3771 martyrio

122 3811 293 3892 nobilitum
316 3821 366 3876 eat
390 3803 425 3871 S.
449 3801 725 3878 Patamiaeae,
749 3821 831 3883 quae
853 3821 911 3886 pro
934 3804 1081 3867 castitate
1102 3807 1201 3875 corpe·

119 3923 166 3988 tie
195 3932 229 3984 et
257 3937 314 4003 pre
343 3910 550 3998 virginitate,
581 3926 643 3992 qua
671 3906 844 3991 praecipue
874 3905 1051 3988 excelluit,
1084 3913 1199 3970 ccueer·

122 4111 333 4134 '‘m-'—

188 4232 317 4301 Slldem
332 4223 777 4296 tb.ct,et.teud.p.etteq.
969 4287 972 4294 ι
1023 4199 1059 4310 'p

188 4355 221 4426 4)
236 4351 317 4412 Idem
333 4351 369 4410 in.
386 4365 411 4408 c.
428 4341 452 4405 ε’
463 4347 531 4418 init,
549 4343 591 4402 ed.
608 4331 680 4404 laud.
698 4363 725 4419 p.
742 4344 804 4402 aut.
