2686 4794
524 287 652 362 ‘nou

322 530 350 576 e.
371 507 433 576 De
452 503 644 576 Ecclesia
667 469 909 574 christiana.

147 633 181 723 i·
205 641 312 711 ¹000
356 629 501 724 Dignum
526 633 613 697 inter
635 643 744 696 cetera
765 631 800 698 id
822 651 964 716 quoqne,
992 641 1029 695 ut
1050 627 1162 695 endia-

73 763 153 822 nus,
184 763 252 826 qua
281 751 390 803 mente
413 735 448 802 S.
472 737 570 803 Pater
600 737 640 804 de
663 733 854 802 Ecclesia
876 733 942 800 Dei
965 733 1164 804 disseruerit.

74 847 157 913 Dieit
179 847 287 935 enirn:
319 841 362 908 Iu
382 842 468 906 masi
489 851 593 906 autem
615 839 789 906 similitudo
810 837 899 918 nabis
922 841 1077 928 quaedam
1098 857 1166 906 eust

74 951 181 1016 mado
201 947 383 1015 exhibetur.
428 943 515 1015 Nam
530 943 782 1032 quemadmodum
803 965 903 1026 mare,
924 943 1167 1032 ssisiflamiuous

74 1077 110 1119 ae
130 1053 275 1137 smstium
305 1051 444 1138 appulia
472 1049 648 1130 aleretur,¹
672 1053 730 1116 'am
759 1050 875 1115 duduru
903 1049 1101 1118 enascens·
1129 1047 1166 1140 ob

74 1159 267 1246 salsuginem
296 1155 329 1222 'et
356 1159 504 1222 adustum
534 1163 631 1236 esset,·
656 1163 708 1220 sta
735 1157 886 1236 muudus,
915 1155 981 1221 nisi
1007 1153 1170 1221 habuisset

74 1265 137 1329 liei
165 1263 270 1351 legem
300 1271 332 1328 et
355 1261 551 1347 prophetas,
583 1246 626 1327 en
656 1258 769 1346 quibas
788 1259 902 1352 fluunt
932 1269 963 1326 et
985 1261 1170 1326 scaturiunt

74 1370 294 1447 mentedo,
323 1365 559 1446 misericordia,
581 1365 717 1450 justitia
740 1373 772 1430 et
792 1375 973 1431 sanctorum
992 1365 1061 1432 Dei
1080 1387 1170 1432 mass-

75 1475 221 1539 daturum
243 1473 403 1552 doctriua,
420 1474 491 1556 jam
513 1471 629 1536 dudum
651 1469 688 1534 ob
709 1467 884 1558 nequitiam
906 1471 1171 1558 etmultiplieata

75 1579 108 1644 iss
130 1599 167 1642 eo
183 1585 327 1662 peecata
353 1567 534 1659 dffeaniret.
579 1573 626 1642 Et
649 1577 903 1663 quemadmodum
928 1576 965 1641 iu
993 1575 1078 1642 masi
1098 1581 1172 1642 snat

77 1684 234 1769 quaedam
262 1681 390 1745 imolae
420 1679 630 1762 habitabiles,
662 1681 755 1768 aquis
786 1680 946 1762 salubres,
969 1667 1171 1769 srugtfferae,
1281 1669 1289 1688 ⁸

38 1852 41 1866 ι
77 1785 269 1851 stationibus
290 1793 323 1850 et
339 1784 495 1870 portubus
516 1786 665 1866 murritae,
686 1793 724 1850 ut
744 1785 797 1866 iis,
820 1786 875 1873 qui
895 1793 1081 1872 tempestate
1094 1787 1173 1870 jue-⁶

78 1893 141 1957 tati
161 1889 322 1974 fuerunt,
347 1877 504 1978 perfugio
531 1911 596 1956 esse
618 1889 764 1975 possint3
791 1889 839 1957 rie
860 1889 950 1956 Deus
976 1893 1090 1958 maredo
1118 1890 1174 1957 sub

76 1996 225 2082 pensatis
232 1995 416 2080 fluctuanti
437 2005 469 2060 et
490 1995 654 2060 aestuanti
675 2017 857 2084 synagogas
879 1995 969 2063 dedit
990 1995 1014 2062 i.
1030 2019 1057 2063 e.
1080 2017 1182 2079 sana·¹

80 2110 131 2166 tas
153 2099 342 2178 Ecclesiae,
371 2099 407 2162 ia
430 2098 541 2185 quibus
570 2099 722 2164 doctrina
750 2099 902 2165 veritatis
922 2099 1009 2164 uelut
1028 2100 1067 2164 in
1086 2100 1174 2164 iusu-

82 2205 184 2271 larum
202 2211 427 2289 portuorarum
449 2203 639 2268 stationibus
661 2213 849 2274 asservatur
866 2249 875 2270 .
894 2249 931 2269 ..
970 2202 1175 2282 Quemadmo-

83 2311 153 2373 dum
180 2315 287 2372 autem
315 2307 402 2374 aliae
424 2317 504 2404 purat
523 2307 650 2375 iuratae
671 2329 822 2390 sanotae,
851 2309 1041 2396 inaquosae,
1067 2306 1176 2393 infru·

81 2413 231 2503 gofferae,
253 2411 405 2494 ferarum
420 2411 559 2496 plessae,
581 2413 831 2496 inhabitatae„
859 2415 927 2480 .iu
949 2413 1059 2502 quibus
1079 2434 1177 2481 naues
1225 2465 1230 2472 .

84 2525 307 2596 ammador,
338 2525 369 2580 et
390 2517 446 2604 qui
467 2517 638 2614 appellunt
653 2519 788 2604 pertitus
803 2527 944 2604 pereunt
949 2544 963 2600 ,·
990 2519 1040 2585 ita
1062 2539 1097 2585 se
1116 2519 1175 2585 hu·

83 2622 157 2687 beat
178 2621 301 2686 erroris
323 2621 496 2702 manen,
518 2622 665 2687 haereses
687 2623 770 2702 dica,
792 2624 928 2710 adquae
942 2624 1177 2712 quiaeceduat,
1224 2663 1231 2678 s

83 2725 208 2791 omuino
234 2735 380 2812 pereusst.
425 2721 536 2812 Neque
565 2727 650 2790 emar
674 2725 801 2793 uerbum
826 2727 982 2793 ueritatis.
1005 2737 1179 2816 requusstur
1270 2713 1277 2734 ’

84 2833 212 2909 ducem
233 2831 300 2911 sed,
324 2831 578 2915 quemadmodum
594 2831 740 2916 piratae,
764 2853 832 2898 eum
852 2853 949 2898 naues
966 2831 1180 2918 impleverint,

83 2935 198 3000 essin
214 2934 392 3019 praedicta
413 2933 486 2999 laea
507 2933 692 3020 impellunt,
714 2943 751 3000 ut
772 2933 821 3002 ibi
842 2957 896 3002 eas
911 2935 1074 3022 perdant3
1095 2935 1179 3000 idem

84 3037 247 3124 matimgit
272 3037 330 3117 iis,
361 3037 416 3125 qui
438 3061 459 3104 a
479 3039 619 3104 ueritate
648 3039 820 3119 aberrant,
848 3047 886 3105 ut
907 3039 1082 3106 aberrare
1103 3059 1179 3126 pes·

84 3141 280 3207 nudentur.
294 3144 328 3226 1)

350 3345 386 3412 2.
415 3337 717 3414 Observationes
739 3339 920 3444 morales.
948 3349 959 3365 ⁴

173 3479 214 3578 §.⁶
229 3497 340 3567 2⁰0.
384 3489 556 3558 Praeclara
578 3506 628 3567 est
650 3493 834 3576 descriptio,
857 3503 977 3584 quanta
997 3489 1182 3556 mesin-

86 3596 296 3684 tegritate
326 3593 502 3663 Christiani
531 3609 605 3664 tune
635 3599 788 3682 temporie
818 3595 1046 3664 excelluerint·
1090 3597 1183 3668 Post·

86 3723 183 3788 qunns
213 3703 302 3765 enim
332 3703 443 3781 suatur
472 3701 638 3768 doctrinae
661 3701 857 3768 christianae
879 3722 1005 3768 summa
1026 3702 1185 3788 quaedam

86 3807 197 3892 capita
219 3807 383 3889 exposuit,
407 3805 581 3874 concludit:
611 3805 689 3898 Vide
709 3805 824 3894 igitur,
845 3827 890 3871 aa
904 3805 1040 3890 possint,
1063 3806 1118 3894 qui
1131 3815 1183 3872 tu-

85 3911 135 3975 lia
158 3913 348 3986 edocentur,
376 3906 602 3996 indifferenter
622 3915 744 3992 uiuere,
776 3911 863 3978 etin
884 3909 1024 3994 uffariis
1036 3909 1186 3999 flagitiis

86 4013 236 4079 volutari
252 4060 262 4078 .
280 4057 319 4079 ..
363 4009 483 4077 Procul
504 4013 589 4083 absit
611 4041 632 4082 a
655 4015 866 4095 Christianis,
895 4023 932 4079 ut
953 4015 995 4080 iis
1016 4015 1188 4108 quidquem
1233 3997 1245 4018 ⁸

86 4116 270 4204 hujusmodi
287 4113 408 4199 faeere
428 4119 464 4182 iss
485 4128 616 4185 merstem
636 4121 761 4200 aaran·
788 4117 878 4204 apid
898 4137 973 4204 quos
999 4125 1185 4201 esttenpe·

88 4239 304 4256 m

154 4287 551 4362 'omanadum
611 4309 614 4316 ·
