2614 4790
617 305 698 376 ror·

548 401 752 420 ——u-—u-

103 525 145 606 (o.
170 522 295 604 t-o.).
339 521 475 590 Princo
497 523 596 609 igitur
617 507 831 600 demonstrat,
855 525 1023 590 criminum
1045 548 1065 592 a
1088 525 1203 592 Genti-

103 627 188 694 libus
202 626 290 692 fuleo
307 623 502 691 Christianis
525 627 726 710 objectorum
747 629 939 714 fflsmssimu
953 649 1025 694 esse
1039 628 1077 696 iri
1087 627 1206 714 Scrip'

103 729 229 797 toribus
249 729 381 817 graecis
401 731 539 813 indicia,
562 734 596 796 in
621 729 814 797 Christianis
835 745 944 798 autem
967 731 1092 822 nubam
1113 757 1202 818 pror·

103 835 321 904 camactos
345 833 503 922 ejusmodi
525 839 754 922 suspicionem.
798 836 988 920 Philosophi
1011 839 1052 904 de
1078 860 1203 906 morum

103 942 278 1007 honestate
291 943 527 1025 praecipientes
548 939 707 1008 humanus
728 964 844 1008 carnes
865 965 980 1008 vorare
994 956 1027 1008 et
1048 955 1156 1026 stupro
1172 957 1206 1008 ot

104 1045 266 1112 adulteria
288 1045 420 1120 doceut;
442 1049 508 1111 imo
531 1046 572 1120 do
593 1047 634 1110 iis
657 1067 795 1132 quoque,
819 1067 898 1132 quos
919 1045 1006 1111 Dect
1028 1047 1204 1142 appellant,

104 1151 227 1218 similia
248 1151 448 1236 praedicant,
472 1149 530 1214 alii
552 1149 631 1218 deos
652 1151 860 1238 divinamque
880 1155 1114 1238 providentiam
1136 1177 1204 1220 om·

105 1257 185 1321 nino
216 1267 356 1343 negant,
386 1254 444 1320 alii
474 1255 553 1320 deos
576 1256 704 1340 quidem
726 1257 937 1338 confitentur,
968 1259 1027 1324 sed
1048 1259 1205 1326 scelestas

105 1359 226 1425 iisdem
254 1371 437 1424 coenaret
465 1357 627 1424 horrenda
655 1360 779 1450 flagitia
809 1363 987 1429 attribuunt
1009 1365 1052 1444 (o.
1076 1366 1205 1446 5-8.);
1252 1375 1258 1384 ’

107 1463 364 1530 strietiorem
399 1449 532 1529 econtra
565 1464 744 1530 doctrinam
771 1463 870 1554 longe
902 1490 974 1534 esse
1004 1469 1228 1538 sanctiorem..

104 1569 159 1637 Ad
180 1567 266 1653 quod
286 1567 568 1634 demonstrandum
590 1569 748 1636 nonnulla
778 1570 874 1656 hujus
905 1573 1072 1638 doctrinae
1101 1577 1206 1658 capita

106 1698 153 1741 ex
173 1669 358 1758 Decoloqo,
387 1671 624 1758 Prophetarum
651 1675 757 1740 effatis
781 1687 815 1740 et
834 1675 1029 1762 Evangeliir
1058 1677 1204 1762 adstruit,
1248 1655 1253 1676 ¹

78 1803 138 1856 ,e.
159 1801 211 1866 gr.
234 1765 276 1842 de
298 1763 392 1856 ileo,
422 1777 463 1840 do
484 1777 597 1842 decem
619 1781 691 1867 ejus
712 1783 910 1864 praeceptis,
941 1781 981 1846 do
1004 1780 1205 1848 humanitate

106 1887 141 1950 in
164 1883 328 1960 advenas,
356 1879 397 1945 do
418 1883 637 1972 poenitentis,
668 1881 709 1947 de
727 1885 871 1966 justitio,
902 1885 942 1950 de
966 1889 1134 1967 castitate,
1164 1887 1204 1952 de

107 1991 312 2062 inimicorum
334 1984 510 2052 dilectione
533 1985 671 2074 aliisque
693 1989 875 2054 virtutibus.
920 1975 1108 2070 concludit,
1139 2013 1205 2090 non

108 2112 205 2176 posse
227 2089 312 2170 lieri,
334 2101 382 2173 ut,
406 2091 460 2174 qui
483 2089 562 2156 talia
585 2093 773 2172 edocentur,
796 2093 882 2159 mule
904 2097 1027 2172 vivant,
1051 2107 1084 2158 et
1098 2097 1131 2158 in
1147 2116 1205 2160 no·
1278 2075 1285 2086 ’

108 2195 199 2261 fariis
221 2193 354 2280 flagitiis
371 2191 584 2277 ,volutentur,
613 2209 670 2262 aot
691 2219 806 2262 carnes
829 2198 911 2264 adeo
929 2198 1086 2264 humanas
1108 2200 1206 2263 attin·

107 2313 188 2388 gant
202 2301 246 2382 (o.
262 2299 407 2382 9-15.).
454 2297 637 2365 Secundo
660 2301 735 2367 dein
752 2301 911 2393 Autolyco
927 2303 1080 2382 ostendit,
1099 2299 1207 2388 Scrip'·

109 2419 201 2473 turne
230 2424 344 2468 sacrae
371 2401 653 2498 doctribomqesse
676 2406 887 2493 antiquiorem
910 2405 943 2471 et
961 2407 1116 2472 veriorem
1138 2429 1206 2473 om·

91 2514 198 2578 ‘nium
228 2508 440 2576 Ethnicoruut
467 2511 613 2594 scriptis,
643 2511 781 2591 docens,
811 2514 846 2576 in
876 2525 1012 2595 quantas
1041 2533 1144 2598 nugas
1172 2509 1207 2574 hi

110 2617 151 2682 de
173 2613 292 2680 mundo
315 2613 514 2679 disserentes
535 2613 769 2695 aberraverint,
793 2616 866 2692 dum
890 2614 1067 2680 Christiani
1089 2637 1110 2679 a
1127 2613 1206 2679 Pro·

107 2719 216 2806 photio
231 2714 362 2801 Spiritu
374 2717 497 2784 Sortcto
515 2719 623 2803 pteris
645 2724 846 2808 antiquorum
860 2735 969 2785 rerum
990 2717 1207 2809 coguitionem
1252 2719 1258 2741 ¹

110 2835 315 2909 acceperuut.
361 2822 415 2888 Sic
444 2823 615 2888 anditorii
644 2828 885 2891 enerratiooem
905 2823 1004 2912 longe
1028 2795 1206 2892 accuritio·

109 2952 181 2997 rem
202 2951 277 2994 esse
300 2928 384 3012 apud
400 2927 531 3008 Mosen,
554 2950 648 3014 quam
669 2952 752 3014 quae
775 2929 943 2998 eGraeois
967 2932 1070 3026 caldo
1084 2953 1120 2994 re
1134 2938 1210 3014 per·x

108 3035 263 3102 bibentur
284 3034 466 3116 (16-19.).
510 3032 555 3100 Ut
577 3047 686 3100 notem
708 3033 821 3100 Mosen
852 3047 884 3099 et
905 3033 1083 3119 Prophetas
1106 3031 1232 3100 Grec-⁴

110 3143 158 3208 cis
190 3135 400 3223 scriptoribus
430 3159 469 3204 ac
501 3127 746 3224 legislatoribus
779 3138 875 3226 lorge
904 3139 1101 3225 antiquiores
1135 3161 1208 3204 esse

110 3246 248 3324 deeset,
271 3239 514 3330 Chronologt'om
535 3244 695 3328 quondam
715 3241 899 3310 historicum
920 3244 1104 3332 subjungit,
1127 3246 1206 3310 inci·

23 3365 30 3376 ·
109 3353 206 3456 piens
236 3348 278 3414 ab
307 3347 432 3416 Adam
460 3369 562 3432 usque
592 3348 635 3414 ad
664 3327 882 3432 captivitatem
911 3339 1146 3432 Babylonicum
1176 3361 1211 3414 et
1262 3413 1265 3416 .

110 3469 258 3540 temporo
280 3449 374 3536 cyri,
403 3463 436 3516 ot
464 3449 655 3518 continuans
684 3475 787 3520 annos
810 3475 831 3518 a
852 3453 956 3519 Romo
977 3453 1057 3520 urbe
1079 3454 1209 3520 condita

110 3562 265 3642 deinceps
291 3579 394 3641 usque
424 3557 466 3622 ad
492 3553 544 3620 M.
566 3555 698 3620 Aurelii
723 3555 881 3620 Arttortioi
896 3555 1025 3648 'editore
1051 3559 1092 3643 (c.
1123 3565 1214 3626 20³

111 3667 193 3748 π).
238 3663 294 3728 Ex
315 3661 367 3734 bis
389 3662 570 3741 concludit,
599 3682 693 3748 quem
721 3663 878 3726 immerito
901 3661 1110 3730 christianam
1132 3663 1208 3727 doc·

112 3773 230 3836 trinam
253 3767 403 3834 nonnulli
425 3781 587 3854 tamquam
609 3765 790 3832 fabulosam
813 3788 850 3830 eo
864 3779 1026 3831 recentem
1041 3767 1208 3845 vellicent,
1252 3767 1259 3780 '

112 3875 238 3940 nddens
260 3893 408 3951 causam,
431 3893 488 3938 our
509 3869 691 3956 Scriptores
712 3874 822 3960 graeci
843 3869 1005 3938 Hebraeos
1025 3894 1099 3937 raro
1122 3895 1208 3937 com-

110 3991 303 4058 memorent,
324 3975 452 4044 scilicet
474 3975 560 4061 quod
579 3999 695 4044 recens
717 3979 762 4042 sit
783 3977 868 4062 uliud
883 3999 940 4044 eos
953 3977 1118 4044 literarum
1132 3999 1208 4062 cog·

110 4087 207 4167 nitio,
231 4095 266 4150 et
285 4083 371 4168 quod
391 4081 519 4148 subulas
540 4103 652 4147 amare
676 4095 709 4148 et
730 4084 902 4148 veritatem
924 4081 999 4149 odio
1020 4081 1143 4148 habore
1157 4092 1207 4145 at-

110 4213 173 4276 quo
195 4189 351 4256 insectari
372 4187 512 4255 noudm
534 4188 685 4257 desinant
706 4191 749 4273 (o.
772 4193 826 4256 28.
849 4191 928 4274 22).
