2704 4786
556 321 684 449 ¹sa'

68 613 125 676 qne
148 601 244 669 sunt,
273 591 310 654 in
340 587 530 672 compendio
561 611 694 654 narrare
724 585 812 652 volni
834 586 917 652 Acta
941 585 1105 668 Theclae,
1134 603 1170 654 ut

66 698 218 802 tecturus,
232 695 299 760 sibi
322 697 393 778 ipse
417 697 548 778 quisque
571 715 664 759 sunm
685 679 1030 777 depromatjudicium.
1073 693 1170 782 Licet

69 816 174 867 autem
188 799 270 865 mitt
293 799 418 886 quidem
439 797 492 863 vel
506 801 632 882 penitus
646 795 829 882 apocrypho
851 795 905 861 vel
921 799 1038 864 saltem
1052 823 1170 889 magna

71 917 231 990 exparte
256 911 413 988 corrupta
437 909 467 965 et
488 903 690 986 interpolata
712 901 898 978 videantur;
923 915 1030 970 tamen
1054 907 1170 971 iisdem
1258 893 1260 898 ⁵
1317 995 1319 1008 ⁴

69 1009 230 1078 nonnulla
258 1012 389 1087 insunt,
421 1031 502 1092 quae
529 1005 657 1072 facilius
680 1007 743 1072 sibi
765 1007 864 1074 fidem
887 1009 1080 1090 conciliant,
1110 1029 1175 1076 ncc'

69 1117 210 1182 utilitate
227 1116 368 1200 quadam
384 1127 505 1177 carent.
549 1109 618 1177 Nec
640 1112 844 1178 infitiandum
863 1117 923 1194 est,
948 1115 1061 1180 eadem
1079 1137 1170 1204 mag-

71 1245 143 1286 nam
171 1224 363 1306 primaevae
386 1209 585 1302 antiquitatis
607 1217 748 1298 speciem
772 1233 867 1301 atque
891 1222 1169 1286 existimationem
1273 1219 1283 1239 '

71 1323 204 1390 habere.
254 1323 382 1408 Scripta
411 1323 511 1388 fuisse
541 1321 690 1386 videntur
715 1325 786 1406 jam
816 1333 959 1407 quarto
981 1323 1091 1390 seculo
1115 1340 1171 1390 aut
1224 1406 1233 1423 ι

71 1429 210 1514 palato
233 1429 411 1491 fricante.
457 1425 630 1492 Probabile
654 1431 741 1524 enim
764 1429 859 1494 valde
884 1445 950 1510 est,
980 1453 1024 1496 ex
1047 1433 1087 1496 iis
1110 1455 1170 1496 sua

70 1535 218 1600 hausisse
243 1529 405 1596 Basiliam
432 1527 683 1610 Seleuciensem,
716 1535 769 1615 qui
796 1537 875 1598 item
899 1533 1046 1600 Theclae
1075 1558 1168 1620 prae·

72 1637 155 1702 cla'ra
179 1639 361 1704 certamina
384 1635 454 1701 luse
476 1639 677 1720 persequitur
699 1637 821 1716 dicens,
845 1637 929 1704 banc
951 1663 1042 1706 suam
1064 1639 1169 1706 histo·

73 1745 148 1806 riam
171 1762 217 1807 ec
242 1741 367 1805 adduct
390 1741 511 1825 quidem
539 1741 712 1806 vetustiore
734 1757 923 1826 excerptum
946 1768 1019 1810 esse
1042 1747 1106 1824 ita,
1134 1757 1169 1810 ut

73 1849 204 1931 omnem
228 1845 317 1910 uelut
338 1845 484 1934 vestigiis
503 1846 676 1912 insisteret.
807 1845 812 1852 ’

363 2063 395 2123 3.
429 2055 619 2158 Actorum
651 2056 880 2121 Editioner.

153 2199 186 2282 c·
209 2205 314 2272 roe.
360 2177 443 2260 noca
465 2195 499 2258 s.
524 2193 672 2260 'caeciae
696 2217 714 2257 ε
739 2193 1169 2264 conturbationem

73 2301 291 2368 bibliothecae
313 2298 513 2382 Bodlejonoc
535 2301 655 2382 primus
678 2297 778 2362 edidit
798 2295 849 2362 do.
868 2295 952 2364 Ero.
980 2300 1168 2382 Gradiue,

73 2406 182 2472 Oxou.
202 2413 300 2484 1698,
315 2405 400 2470 unde
416 2405 531 2470 eadem
546 2404 695 2468 recensio
711 2415 834 2488 graeca
850 2407 883 2470 in
893 2405 954 2469 SS.
970 2405 1034 2472 1³1³.
1043 2407 1167 2476 Biblio-

71 2513 197 2578 thecam
222 2511 442 2576 Parisiensem
471 2509 616 2590 aliasque
646 2521 776 2592 recepta
806 2523 865 2574 est.
909 2509 1000 2576 ldem
1031 2512 1169 2580 Grabius

72 2617 207 2680 latinum
222 2638 348 2700 quoqne
364 2628 398 2678 et
413 2636 483 2678 eam
499 2627 659 2680 vetustam
673 2618 856 2682 versionem
879 2619 912 2681 in
926 2617 1031 2682 lucem
1055 2619 1167 2698 edidit,
1226 2643 1234 2650 ·

73 2733 103 2784 ct
122 2743 281 2808 graecum
303 2733 431 2791 textum
455 2741 499 2784 ex
521 2717 602 2784 cod.
626 2717 913 2806 Hurctingdom'uno
935 2721 1073 2804 quodam
1096 2745 1166 2788 cor-

72 2829 170 2906 rexit,
194 2825 255 2890 sed
277 2837 381 2890 morte
403 2824 575 2906 impeditus
600 2823 752 2910 evulgare
775 2847 890 2890 novam
908 2827 1085 2892 editionem
1102 2849 1166 2894 non

73 2933 184 3014 potuit.
233 2928 382 3012 Suscepit
410 2928 473 2992 hoc
495 2950 610 2994 munus
638 2929 721 2994 alius
744 2933 853 2996 nescio
878 2933 948 3014 quis
970 2930 1011 2996 V.
1036 2929 1078 2996 D.
1123 2934 1168 2996 At

72 3039 102 3100 in
123 3049 263 3120 unaque
288 3033 452 3098 Grabiana
479 3035 688 3112 recensione,
719 3057 813 3117 quum
843 3057 960 3121 magno
989 3035 1081 3102 hiatu
1108 3042 1166 3121 (sc.
1293 3035 1298 3042 ’

72 3144 217 3226 acepite
240 3136 290 3204 lX
313 3151 456 3210 exeunte
487 3138 526 3204 ad
554 3137 653 3217 linem
681 3161 781 3222 usque
810 3143 923 3223 capitis
945 3137 1009 3220 Xl)
1038 3139 1166 3207 labora-

73 3261 129 3326 ret,
153 3267 201 3310 ex
225 3244 328 3322 Actia,
352 3264 435 3326 quae
458 3242 629 3306 Simcmeem
652 3240 899 3329 Metapbructen
922 3259 1084 3314 auctorem
1108 3245 1166 3312 ha·

73 3349 160 3429 bent,
185 3347 372 3417 deficientia
395 3348 543 3432 supplere
567 3348 697 3430 placuit.
742 3348 892 3433 Denique
919 3347 1049 3414 Thorace
1075 3349 1165 3416 tte-

76 3475 171 3518 crnc
195 3453 349 3520 Codicum
372 3451 692 3539 Huntt‘rrgdom'cmnm
714 3467 843 3534 nactus,
875 3455 926 3537 qui
947 3447 1068 3520 'endem
1091 3463 1167 3520 acta

75 3557 203 3646 integra
224 3558 402 3638 referebat,
426 3581 476 3637 ea,
500 3580 582 3641 qnae
601 3559 728 3640 priores
753 3559 893 3622 editores
915 3558 1080 3644 fugerant,
1105 3582 1166 3624 ex·

77 3666 205 3746 carpsit,
237 3677 272 3728 et
299 3667 333 3728 in
356 3662 407 3727 Jo.
432 3661 607 3726 Lelondc'
635 3661 808 3725 Collectun.
838 3662 878 3725 de
904 3661 996 3726 retus
1018 3662 1166 3728 Batani-

79 3765 118 3828 αἱ
139 3767 266 3851 (Oxou.
292 3773 390 3854 1715,
412 3765 486 3848 Vl.)
508 3767 589 3849 App.
613 3765 650 3830 P.
672 3763 717 3830 ll.
740 3764 858 3848 publici
868 3767 960 3850 juris
982 3765 1069 3832 lecit.
1103 3767 1164 3832 Po·

80 3883 188 3936 strenuo
216 3873 324 3937 Andr.
354 3869 605 3937 Gallondr'us
633 3857 715 3936 baec
743 3871 825 3936 Acta
855 3869 1028 3936 secundum
1057 3885 1166 3954 poste-

80 3977 186 4043 riorem
208 3979 440 4044 Oxoniensem
468 3975 645 4040 editionem
674 3960 770 4056 supra
798 3987 1025 4054 memoratam,
1057 3977 1166 4040 addito

82 4077 246 4168 fragmento
277 4082 383 4150 hocce
413 4077 631 4158 Theurnano,
660 4080 702 4142 in.
724 4073 1005 4146 sua'BidIc'othccc
1027 4079 1097 4148 Pr).
1123 4079 1164 4146 Τ.

38 4251 40 4280 ,
83 4179 230 4253 [edidit.
767 4237 770 4247 .

908 4305 931 4374 6
940 4297 958 4339 ,1,
