2710 4802
667 273 775 380 otti,
817 359 819 389 ,

153 509 292 576 wreus
321 519 399 572 sont
426 517 563 592 quatuor
590 506 758 574 mulieres.
810 509 855 576 Et
874 505 1162 574 Annonariam
1188 505 1263 592 qui·

155 613 231 678 dem
264 609 357 698 virgo
390 614 617 694 sanctissima,
658 633 731 678 cora
765 634 786 676 a
813 613 925 698 judice
959 613 1142 680 diutissime
1175 622 1263 678 torta

155 717 273 784 inisset
299 718 427 804 ingenti
455 737 529 782 curn
549 720 749 802 pertinacia,
781 731 955 802 propterea
976 717 1061 801 quod
1082 715 1264 800 praedixe-

155 833 218 902 rat,
241 819 465 900 nibileorutn,
489 843 572 905 qnae
590 821 697 909 judex
714 826 871 909 J'nrsem,
892 819 1095 907 prolaturam
1116 843 1153 887 se
1177 841 1267 902 ense,

155 925 400 1013 pullicstinnem
422 947 515 992 ruem
538 931 719 994 executiori
744 927 904 993 mandans
927 926 969 992 ud
990 925 1184 1012 supplicium
1205 923 1267 992 ab·

144 1032 254 1099 dueta
277 1041 338 1097 ert.
382 1031 548 1097 Residnue
568 1055 666 1113 varo,
700 1030 910 1098 Mercurio
931 1027 1076 1111 scilicet,
1107 1051 1190 1096 anus
1211 1032 1266 1098 in·

157 1131 283 1226 primis
308 1135 520 1217 veneranda,
539 1149 591 1201 ·st
625 1135 846 1230 Dionysio,
874 1135 1096 1220 plurimorum
1132 1136 1267 1220 quidern

122 1296 140 1326 ,
156 1241 336 1310 liberorum
358 1255 482 1323 meter,
504 1242 564 1308 sed
585 1263 668 1326 qnae
688 1229 827 1329 pissuora
849 1263 909 1309 ran
930 1243 1050 1308 minori
1072 1261 1170 1326 quarn
1191 1237 1265 1308 Do·

157 1349 282 1414 minum
303 1347 439 1412 caritate
462 1346 636 1432 complexa
658 1360 726 1426 est,
761 1360 809 1412 et·
824 1345 895 1410 alia
924 1367 1036 1412 rursus
1063 1344 1266 1410 Annona-

158 1450 271 1530 rr‘urs,
293 1469 367 1516 cnm
388 1450 587 1534 preelectum
605 1453 677 1536 jaro
697 1451 845 1534 puderet,
868 1471 927 1517 ens
947 1449 1086 1516 ulterius
1099 1450 1268 1518 incassum

158 1569 311 1640 torquere
334 1565 368 1618 et
389 1577 410 1618 a
431 1556 562 1621 feminis
576 1545 749 1640 ”superam
771 1554 882 1642 gladio
905 1576 1024 1622 caesae
1046 1563 1141 1633 eunt,
1165 1541 1268 1622 nullis

54 1686 58 1702 ·
157 1663 246 1748 prius
270 1661 441 1749 tormentis
461 1660 625 1726 subditae.
659 1659 801 1724 Etenim
832 1676 943 1736 serum
975 1661 1126 1743 princeps
1146 1668 1184 1721 et
1205 1679 1266 1724 an·

158 1767 332 1854 tesignena
352 1749 588 1832 Ammonarion
617 1786 675 1848 pro
705 1763 854 1830 omuibus
882 1775 1045 1830 tormenta
1073 1759 1267 1848 pertulerat.
1296 1779 1299 1789 ¹

158 1867 294 1936 Heron
327 1873 426 1936 etiam
460 1883 494 1935 et
525 1870 625 1936 Ater
658 1881 692 1934 et
724 1867 1096 1960 Isidorot,A,ogyptii
1128 1887 1267 1952 cumque

156 1973 227 2041 illis
254 1973 493 2054 Dioscorus,
526 1997 607 2060 puer
639 1995 743 2040 annor
776 1976 905 2042 circiter
938 1975 1123 2058 quindecim
1156 1984 1267 2054 namn,

155 2080 261 2168 judici
284 2077 387 2148 oblati
409 2093 496 2146 runt.
541 2081 585 2147 Et
607 2100 679 2143 cum
695 2077 804 2163 judex
816 2081 954 2162 primum
977 2092 1054 2145 ante
1078 2077 1164 2144 ulios
1187 2075 1266 2140 ado-

157 2183 351 2254 lescentem*
379 2167 728 2272 Dioscorunr‘nartim
768 2183 970 2250 sermonibus
1006 2193 1042 2248 ut
1080 2178 1268 2246 flexibilem

159 2290 332 2374 decipere,
353 2291 472 2376 partim
494 2282 663 2354 tormentis
692 2297 729 2350 ut
757 2287 890 2352 mollem
914 2309 953 2352 ac
973 2272 1128 2352 tenerum¹
1146 2305 1267 2371 cogere

159 2402 338 2474 tentetset,
374 2391 433 2458 ille
471 2416 532 2460 nec
567 2390 832 2477 persuasionibus
861 2393 962 2460 cessit
990 2413 1053 2458 nec
1081 2390 1266 2456 tormentis.
1301 2425 1302 2428 ¹

157 2497 287 2584 Reliqui
307 2497 533 2565 crudelissime
555 2497 737 2578 verberati,
767 2519 841 2566 curn
862 2499 1023 2566 cruciatus
1044 2497 1172 2564 fortiter
1193 2514 1267 2561 snr-

159 2607 353 2684 tinuistent,
381 2603 451 2692 igni
474 2589 573 2668 etiarn
595 2605 656 2687 ipsi
685 2615 761 2668 sunt
789 2603 910 2687 uaditi.
955 2601 1152 2670 Dioscornrn
1173 2620 1267 2680 vero,

160 2711 215 2796 qui
235 2711 271 2774 in
293 2711 437 2774 omniunt
459 2721 634 2792 conspeetu
662 2707 878 2790 inclaruerat,
911 2722 945 2774 et
967 2708 1010 2775 ad
1031 2709 1142 2791 omnia
1162 2707 1267 2772 iuter·

158 2825 274 2906 rogatu
295 2815 536 2897 sapientissime
556 2811 781 2900 responderat,
804 2813 981 2880 admiratus
999 2811 1108 2900 judex
1131 2809 1268 2892 dimisit,

159 2922 298 3008 spatium
328 2939 365 2984 se
394 2917 445 2986 illi
474 2919 518 2984 ad
550 2921 786 3004 poenitentiam
816 2920 998 2984 concedere
1028 2916 1193 2983 affirmans
1223 2911 1269 2982 ob

83 3091 89 3116 ,
159 3025 279 3115 aetatis
311 3019 546 3089 infirmitatem.
706 3022 773 3090 Sed
806 3037 840 3090 et
872 3017 1082 3118 Nemesion
1114 3019 1268 3107 quidam,

157 3129 350 3218 Aegyptius,
371 3129 509 3214 primum
532 3129 661 3217 quidem
683 3129 767 3196 falso
790 3145 960 3217 nomentan
982 3131 1089 3198 iuerat
1111 3142 1268 3214 tanquam

157 3235 268 3302 socius
291 3244 326 3296 et
347 3231 591 3300 contubernalis
611 3233 785 3326 latronum.
841 3236 961 3304 Postea
981 3259 1060 3302 vero
1083 3257 1157 3304 oum
1179 3231 1267 3318 apud

157 3324 382 3406 centurionem
418 3336 505 3403 hanc
534 3337 730 3406 calumniam
759 3363 780 3406 e
808 3364 845 3407 se
881 3345 993 3428 ntique
1029 3341 1268 3420 alienissimam

139 3442 347 3530 depulisset,
370 3441 511 3524 delatas,
534 3445 620 3532 quod
643 3438 848 3512 Christianus
871 3461 976 3528 suet,
1000 3447 1042 3514 ad
1063 3447 1267 3534 praefectum

101 3640 105 3646 Ι
155 3553 284 3616 vinctus
305 3549 484 3616 adducitur.
529 3549 574 3618 At
601 3549 662 3618 ille
689 3543 911 3636 iniquissimus
936 3553 1065 3640 judex,
1094 3565 1268 3638 postquem

157 3676 232 3722 enm
259 3653 357 3740 duplo
385 3653 590 3742 verioribus
620 3677 715 3742 qnam
745 3655 888 3742 reliquos
916 3656 1065 3724 latrones
1094 3657 1267 3728 tormentis

157 3782 197 3830 ac
217 3758 408 3825 verberibus
430 3759 621 3842 affecisset,
642 3763 729 3826 inter
749 3759 896 3828 latrones
919 3765 1020 3847 jussit
1048 3763 1212 3838 incendio
1229 3772 1266 3830 et

154 3868 204 3934 sic
223 3867 290 3962 *vir
325 3862 535 3932 beatissimus
571 3865 783 3933 similitudine
821 3865 944 3934 Christi
983 3867 1164 3934 honoratus
1201 3878 1265 3934 est.

154 3967 257 4038 Porro
278 3971 450 4038 universus
478 3969 576 4038 simul
603 3969 742 4038 militurn
763 3971 966 4058 manipulus,
995 3971 1152 4062 Ammon
1172 3971 1264 4042 scili·

154 4087 231 4157 cet,
265 4073 415 4156 Zenon,
443 4071 695 4142 Ptolemaeos
723 4075 1001 4167 othgarium,
1036 4100 1171 4165 cumque
1193 4077 1264 4150 illi!

145 4203 262 4252 senex
299 4179 559 4268 Theophilus,
593 4195 670 4250 ente
702 4187 901 4268 praetorium
928 4183 1071 4252 stabant.
1121 4185 1166 4251 Et
1187 4206 1262 4256 taut

153 4289 284 4381 quidem
310 4287 354 4360 ob
382 4287 595 4404 clinatianam
622 4289 819 4381 religionem
854 4293 892 4360 in
921 4291 1084 4382 inliciunt
1111 4285 1262 4365 inductu

305 4622 312 4677 l
