2704 4786
712 289 763 366 Μ

190 513 326 595 tempori
356 506 532 591 apostolice
563 526 628 570 nou
658 509 820 572 convenit.
844 496 850 509 Χ
872 505 1088 586 Quaestiones
1120 509 1262 592 quaedam

188 613 343 681 sublimes
368 625 406 677 et
428 611 572 694 curiopue
592 613 713 696 magis,
744 633 839 696 quam
867 610 982 690 utiles,
1012 611 1053 675 ab
1080 611 1137 677 illo
1157 597 1263 696 pariter

132 695 136 712 ¹
190 719 365 784 abhorrent
386 737 478 782 aevo.
523 714 685 800 Dogmata
707 717 740 782 iu
762 715 813 779 hir
836 717 961 798 scriptis
984 737 1029 780 ex
1050 717 1206 800 proposito
1229 719 1264 782 ed

189 831 299 889 natam
322 821 362 886 de
384 821 425 885 iis
447 821 482 883 iu
500 817 650 884 Ecclesia
672 821 924 884 controversiam
947 817 1090 884 stabilita
1110 823 1264 886 inveniun-

114 928 130 984 .'
189 921 251 1006 tur,
276 949 305 990 e.
320 947 368 1012 gt.
388 923 504 989 Filium
530 921 675 1006 ejusdem
697 945 770 987 esse
793 945 864 988 cum
880 924 976 989 Patre
999 937 1144 1004 naturae,
1165 945 1265 988 unam·

189 1053 251 1117 que
280 1033 314 1095 in
339 1027 468 1110 Christo
498 1047 668 1110 personam
700 1039 734 1095 et
753 1029 830 1092 duas
858 1041 989 1094 naturas
1017 1027 1161 1094 confiteri
1184 1049 1264 1110 opor-

174 1150 274 1212 tere,
304 1155 386 1218 qnae
415 1119 564 1218 dogmata
594 1151 633 1194 eu
661 1129 758 1213 plane
787 1119 895 1214 phrasi
923 1138 1059 1217 exponit
1088 1146 1211 1211 auctor,
1237 1144 1267 1195 ut

156 1303 159 1310 .
187 1241 342 1306 haereses
364 1237 534 1312 Arionem,
557 1229 793 1326 Nouiodunum,
815 1235 1060 1320 Eutycdt'nann,
1083 1236 1198 1302 seculis
1218 1237 1266 1299 de·

187 1321 284 1410 mum‘
303 1355 414 1426 quarto
444 1353 477 1404 et
498 1341 610 1422 quinto
633 1353 785 1419 exortas,
814 1343 877 1408 eibi
904 1337 1114 1410 debellandas
1143 1344 1267 1407 semisse

188 1447 393 1514 manifestum
419 1449 475 1510 sit.
520 1441 815 1528 Paedotapcima
842 1461 878 1511 ut
899 1447 1108 1534 antiquum
1136 1447 1267 1511 traditio·

189 1573 263 1616 nem
294 1549 451 1629 defendit,
486 1569 558 1612 cum
588 1562 696 1614 tamen
726 1565 802 1615 aute
831 1551 1024 1634 Dionysium
1051 1554 1269 1636 Areopagitam

188 1655 297 1720 nulius
324 1638 420 1718 facile
443 1652 585 1735 Scriptor
615 1647 852 1720 ecclesiasticus
882 1657 1035 1738 proferri,
1066 1679 1127 1722 nec
1150 1655 1268 1720 traditio

189 1758 367 1843 apostolica
399 1763 469 1844 eJus
492 1772 748 1842 temperaretur
772 1759 938 1823 admodum
960 1762 1060 1826 fuisse
1082 1761 1147 1825 dici
1167 1760 1268 1842 possit.

137 1921 146 1944 ι
188 1865 288 1930 Porro
312 1863 505 1926 ceremonias
527 1861 688 1946 Buptt'rmt'
708 1864 824 1941 refert,
854 1885 935 1947 quae
957 1868 1015 1929 vix
1033 1863 1169 1949 jampab
1192 1863 1269 1945 Apo-

188 1967 282 2034 stolis
298 1969 345 2031 .in
369 1967 650 2034 Sacramentomm
678 1968 955 2032 administratione
984 1968 1083 2033 faisse
1101 1957 1270 2056 'adhibitae

187 2073 369 2152 videantur,
392 2075 457 2137 imo
480 2073 590 2138 seculo
614 2074 740 2137 demum
755 2084 875 2154 quarto
896 2074 930 2136 iu
951 2093 1043 2136 usum
1067 2073 1184 2136 deduci
1205 2091 1271 2134 coe·

187 2165 312 2263 perurit.
358 2177 533 2242 Praeterea
555 2179 595 2241 de
618 2175 807 2260 templorum
828 2173 1083 2260 mugtnficentiu,
1109 2175 1150 2240 de
1162 2173 1272 2250 Menu-

189 2279 255 2346 cdt'r
284 2295 380 2347 extra
406 2282 504 2346 urbes
531 2281 720 2366 degentibus
751 2293 812 2343 ete.
842 2303 949 2346 sermo
975 2281 1023 2345 fit.
1069 2279 1274 2364 Respondent

188 2385 314 2469 quidem
330 2387 546 2473 Areopagitici
570 2385 611 2450 ad
632 2385 775 2472 singulas
790 2386 895 2450 ¹hatsoe
919 2385 1133 2469 objectiones,
1148 2384 1212 2449 aad
1227 2403 1273 2446 ar·

187 2491 349 2576 gementis
377 2476 483 2556 minua
504 2491 623 2569 firmis,
652 2477 746 2573 uuum
768 2502 804 2554 ut
831 2489 921 2555 litem
944 2491 1106 2570 dirimant,
1154 2488 1276 2553 Sentiat

187 2595 296 2680 igitur,
320 2595 403 2678 quod
425 2596 488 2661 sibi
503 2599 635 2680 quisque
650 2593 848 2678 probabilius
865 2595 1019 2692 advectin
1043 2593 1121 2658 mihi
1139 2593 1274 2678 quidem,

189 2719 261 2762 cum
291 2697 377 2764 buna
406 2721 486 2784 pace
509 2701 631 2778 dicam,
662 2701 791 2764 veritati
816 2703 995 2782 propinqua
1023 2701 1127 2785 magis
1155 2699 1277 2763 videtur

190 2823 300 2868 eorum
323 2807 495 2890 sententia,
518 2808 571 2888 qui
593 2803 695 2868 libros
715 2805 796 2867 istos
810 2803 914 2865 seculo
935 2803 1054 2866 dentum
1077 2803 1217 2888 quinto
1238 2800 1275 2864 ab

36 2937 39 2946 ·
113 2899 118 2917 ‘
187 2905 346 2988 iacente
368 2929 452 2974 nunc
475 2915 605 2972 auctore
628 2921 782 2972 exaratos
803 2927 877 2970 esse
899 2909 1093 2989 opinionum
1140 2907 1206 2984 Qui
1226 2925 1277 2970 cu·

94 3013 97 3020 ’
186 3013 339 3078 rationem
369 3012 465 3098 hujus
487 3015 727 3078 coutroversiae
757 3013 904 3075 notitiam
926 2995 1112 3092 oouiparare
1136 3011 1203 3076 eibi
1225 3033 1277 3092 op·

188 3127 268 3192 tant,
292 3117 410 3182 adeant
431 3122 517 3202 ipsas
541 3118 705 3182 doctorum
728 3118 868 3204 virerum
891 3115 944 3180 hic
965 3115 1033 3180 illio
1056 3117 1196 3182 emissas
1217 3115 1278 3178 dis·

29 3225 30 3234 ’
91 3196 130 3302 Ι,
187 3221 392 3298 certationes,
416 3224 570 3306 imprimit
592 3217 727 3285 Natalis
748 3219 946 3299 Alexandri,
969 3219 1020 3284 Μ.
1044 3220 1122 3286 mu.
1147 3219 1277 3285 Detrio·

187 3325 246 3402 nic,
270 3323 351 3390 Lud-
376 3325 505 3404 Cozzue,
527 3325 599 3390 Juc.
616 3321 741 3404 ‹Uttert’3
765 3323 849 3388 Pttt.
866 3323 1047 3404 Burutert't',
1074 3325 1147 3390 Car.
1164 3323 1281 3390 Oudr'rti

164 3430 254 3522 ¹(ed.
269 3429 432 3518 Patrolog.
456 3443 585 3496 nostrae
609 3429 650 3496 Τ.
672 3429 699 3494 1.
723 3429 751 3514 ξ.
774 3435 849 3494 243.
872 3453 902 3512 p.
926 3437 1001 3494 410.
1024 3429 1087 3514 sq.)
1110 3445 1145 3494 et
1166 3450 1280 3494 recen-

116 3557 121 3564 ·
152 3527 159 3546 '
187 3537 303 3599 tiorum
328 3534 524 3619 Scriptorum
547 3537 845 3612 commentationes,
868 3533 902 3597 J.
921 3529 960 3596 G.
980 3531 1282 3620 Vtattegettardtt

186 3639 239 3705 De
269 3643 395 3727 origiue
420 3640 615 3725 Scriptorum
638 3641 838 3726 Areopagitt.
868 3637 1002 3726 Ecleng.
1033 3646 1129 3706 1822.
1153 3649 1209 3716 4.,
1241 3635 1281 3700 Ιι.

186 3739 226 3808 F.
259 3741 323 3807 ott.
358 3743 704 3831 Boungurtetect-'utt‘i
738 3743 791 3808 De
826 3743 1002 3827 Dionysio·⁴
1015 3745 1135 3827 Areop.
1177 3743 1282 3810 Jenae

190 3854 284 3914 1823.
314 3857 364 3928 4.,
396 3863 429 3913 et
452 3847 526 3912 Car.
555 3849 637 3935 Vogt
658 3845 902 3932 uutcttudpunptn
929 3844 997 3916 sibu
1026 3846 1069 3914 tie
1098 3847 1284 3932 matitinis

150 3947 153 3952 ’
186 3951 335 4033 &dritten
356 3951 479 4038 micant.
502 3956 553 4020 ors
574 3942 775 4037 ittropcpitut,
797 3949 907 4016 Berol.
932 3958 1028 4030 1836.
1048 3957 1081 4016 8.
1101 3985 1146 4000 ·-
1183 3949 1283 4016 Cete-

186 4077 259 4122 rum
281 4055 363 4122 haec
385 4059 444 4122 sub
467 4057 617 4140 Dionysii
640 4059 770 4122 nomine
792 4055 943 4142 evulgata
965 4066 1082 4139 opera,
1110 4053 1283 4139 cumplu-

186 4162 272 4225 rima'
292 4162 330 4227 ad
342 4162 524 4246 utilitatem
548 4175 581 4225 et
596 4161 852 4228 aedificationem
866 4163 1060 4244 pertinentia
1077 4161 1284 4236 contineant,
