2686 4794
573 281 784 400 229...

127 505 343 592 fragmentum
358 501 519 572 Eusebius
542 502 757 570 conseruerit.
772 501 804 582 ¹)
839 493 939 568 'Dicit
953 504 1040 570 enlm
1054 499 1224 586 lueremus,

80 633 82 640 ·
127 630 177 689 ee,
200 607 273 674 curli
295 607 400 674 edhuo
421 629 502 693 puer
524 621 623 687 esset,
645 609 680 673 iu
696 603 851 672 interiore
865 606 1030 674 Ausucum
1043 604 1227 692 Polycarpo

127 715 313 804 frequenter
335 716 527 779 convenisse
550 733 687 796 eumque
709 712 945 778 studiosissime
963 691 1136 778 uidimus.
1170 711 1227 778 Ex

128 841 192 907 quo
213 817 292 884 licet
313 819 489 902 conjicere,
512 837 587 882 eum
608 819 637 882 si
659 837 725 882 nou
747 819 780 884 iu
803 819 874 900 ipen
894 815 975 880 urbe
997 814 1149 900 Smyrna,
1170 815 1228 884 ubi

53 1001 57 1016 „
127 921 324 1006 Polycarpue
347 923 514 1004 epiecopus
545 935 632 1002 erut,
663 935 774 988 tumen
792 921 883 988 hund
904 920 1018 1008 procul
1040 921 1081 986 eb
1104 941 1226 998 enun-

127 1041 197 1094 tum
214 1026 447 1109 educatumque
471 1047 556 1090 esee.
600 1025 679 1090 Post
693 1025 905 1110 Polycarpum
920 1023 1066 1110 Pupieno,
1089 1023 1228 1090 ulturum

131 1129 167 1196 S.
191 1129 373 1212 senonim)
396 1127 605 1213 discipulum,
635 1143 877 1214 praeceptorem
900 1129 1028 1208 hebuit,
1058 1141 1096 1196 ut
1116 1141 1227 1194 nuctor

130 1247 182 1300 ert
202 1233 434 1316 Hieronymus.
477 1234 548 1298 lmo
579 1233 662 1300 elios
690 1257 815 1320 quoque
837 1233 1065 1318 Apostolorum
1088 1233 1226 1317 discipu·

128 1339 193 1408 los:
210 1339 338 1404 audisso
369 1360 406 1404 se
436 1361 502 1404 uon
531 1337 634 1404 sunuel
664 1342 733 1422 ipse
765 1340 914 1406 affirmet.
963 1338 1016 1404 Ab
1045 1337 1098 1404 his
1128 1341 1228 1406 tentis

80 1467 82 1472 ·
129 1442 209 1510 sirie
234 1435 411 1508 sanctiorii
440 1441 609 1508 doctrinae
636 1446 840 1534 purissimum
861 1444 985 1510 iontem
1008 1455 1042 1508 et
1062 1429 1228 1510 sacrorum

106 1549 298 1614 ¹literarum
325 1546 577 1634 intelligentium
606 1557 708 1631 oeque
739 1569 777 1614 ec
805 1553 892 1614 vitoe
921 1549 1168 1615 sanctimonium
1195 1561 1230 1612 et

79 1643 84 1659 ’
131 1652 392 1719 urdeutimimum
413 1651 491 1716 fidei
513 1651 654 1716 tuendee
670 1653 807 1718 studium
825 1651 944 1732 hausit,
967 1665 1063 1736 utque
1078 1654 1112 1716 in
1127 1653 1227 1738 corip-

131 1761 175 1825 tis
196 1761 263 1823 suis
292 1757 409 1822 deiude
437 1755 601 1820 uberrime
630 1755 750 1822 effudit.
794 1754 907 1842 Neque
935 1769 1044 1822 temen
1065 1753 1227 1822 lunario-

132 1882 185 1927 res
205 1863 327 1928 idcirce
353 1859 467 1926 literne
489 1859 657 1947 neglexit,
688 1881 767 1944 queo
788 1862 829 1926 iis
850 1862 995 1944 inprimis
1025 1864 1247 1936 recesserim„

99 2016 101 2024 .
133 1989 207 2034 eme
228 1969 367 2051 putavit,
391 1965 445 2048 qui
467 1963 625 2032 Ethnicos
649 1963 904 2050 Haeretioosque
924 1967 1119 2056 ¹conlutseturi
1140 1977 1227 2050 nupt,

132 2083 169 2138 ut
191 2068 310 2136 aemuli
328 2077 615 2155 persecutoresque
630 2068 829 2136 christianae
849 2069 999 2136 ueritatis
1019 2072 1061 2136 de
1082 2091 1137 2136 suo
1145 2091 1225 2156 pro·

129 2173 206 2262 prio
231 2173 441 2239 instrumento
470 2181 502 2238 et
523 2173 645 2238 erroris
666 2173 703 2238 iu
724 2193 758 2240 se
779 2182 811 2239 et
832 2173 1017 2260 iniquitatis
1037 2175 1074 2240 iu
1101 2197 1157 2240 nos
1179 2174 1229 2242 rei

205 2524 232 2586 1)
251 2525 349 2579 Euseb.
367 2525 436 2578 ilict.
456 2523 520 2578 eccl.
538 2523 599 2577 Lib.
617 2521 650 2575 V.
669 2537 691 2576 o.
710 2527 752 2575 ιο.
770 2537 811 2576 nr.
830 2527 907 2590 Μ,
926 2521 968 2576 ed.
986 2523 1135 2577 Zimmerm.
1154 2523 1186 2577 Τ.
1204 2525 1227 2578 l.

133 2628 161 2682 p.
179 2612 253 2663 litu:
270 2611 350 2678 „Vidi
368 2616 402 2678 te,
421 2627 480 2664 cum
497 2610 583 2664 adhuc
600 2627 666 2680 puer
682 2625 776 2694 esuum,
793 2610 823 2661 m
840 2609 976 2678 inferiore
992 2609 1063 2664 Aru
1079 2613 1155 2679 apud
1171 2609 1229 2665 Po-

133 2699 283 2764 lpcurpum
299 2697 436 2766 splendide
447 2703 569 2769 egentem
588 2698 615 2750 iu
633 2696 729 2767 peletio
747 2701 774 2748 et
790 2712 951 2768 magnopere
968 2696 1137 2764 mucronum,
1156 2703 1185 2750 ut
1202 2705 1228 2751 to

133 2783 174 2836 illi
190 2784 358 2853 approbares.
394 2785 498 2837 Etenim
516 2800 555 2850 ee,
574 2799 641 2853 queo
658 2789 724 2836 tuno
739 2783 863 2854 temporis
880 2788 958 2854 geste
974 2789 1049 2851 suut,
1067 2785 1159 2838 melius
1176 2801 1230 2838 me-

134 2869 218 2923 morie
235 2859 319 2937 t'eueo,
338 2887 415 2939 quem
432 2871 479 2924 illu
496 2886 562 2940 quoe
580 2887 664 2940 nuper
681 2868 840 2923 ecciderunt.
878 2868 984 2939 Quippe
1002 2885 1047 2936 eu,
1069 2885 1137 2939 quse
1154 2873 1230 2942 pueri

135 2956 274 3012 didicimus
295 2957 373 3010 simul
395 2975 453 3011 cum
476 2958 563 3010 auimo
586 2957 644 3027 ipso
668 2958 831 3026 coalescunt,
854 2957 930 3025 eique
948 2957 1052 3025 penitus
1075 2943 1230 3026 inhaerente

135 3042 201 3096 udeo
219 3049 248 3096 ut
265 3029 291 3098 ct
308 3043 393 3096 locum
417 3045 503 3114 ipsum
521 3043 619 3115 poesim
638 3041 739 3111 dicere,
763 3045 789 3096 in
815 3059 866 3114 quo
884 3043 1049 3097 beatissimus
1066 3043 1230 3127 Polycarpus

135 3127 232 3184 sedens
254 3129 412 3214 disserebam
437 3146 575 3201 processus
593 3145 698 3199 qnoque
716 3132 772 3198 ejus
790 3137 816 3183 et
834 3131 989 3203 ingrersus,
1009 3132 1131 3201 uitaeque
1149 3133 1230 3186 totius

135 3217 245 3270 forman
263 3221 291 3268 et
307 3217 425 3286 corporis
448 3217 575 3287 speciem3
598 3233 735 3270 cormones
759 3217 884 3288 denique,
908 3233 974 3286 quos
992 3217 1025 3270 ed
1043 3219 1168 3288 populum
1185 3219 1230 3272 lne-

135 3305 221 3374 brbet,
239 3309 266 3357 et
283 3303 436 3376 familiarem
455 3303 680 3372 cousuetudinem,
699 3320 766 3373 qnee
783 3304 822 3358 illi
840 3319 899 3379 eum
917 3304 1033 3372 Joenue,
1051 3311 1081 3358 ut
1098 3309 1230 3375 cumbet,
1262 3373 1265 3380 Ι

136 3397 163 3444 et
180 3407 239 3445 cum
257 3391 379 3460 reliquis,
398 3390 443 3459 qui
460 3389 603 3443 Dominum
620 3391 706 3462 ipsum
723 3390 864 3458 vidissent,
886 3391 1085 3462 intercesseret3
1103 3399 1130 3445 et
1147 3393 1231 3461 queli-

136 3483 178 3534 ier
195 3477 265 3531 dicte
281 3479 386 3534 illorum
403 3479 633 3546 commemombet,
657 3485 684 3530 et
701 3491 872 3548 quaecuuque
895 3476 928 3529 de
945 3477 1059 3541 Domino
1082 3479 1116 3533 rb
1136 3477 1241 3532 iisdem
1317 3545 1321 3552 ι

106 3599 108 3606 =
135 3565 261 3621 audieret.
296 3566 339 3618 De
362 3560 495 3617 miraculis
517 3579 621 3632 quoque
638 3564 709 3618 illiue
726 3579 758 3615 ec
775 3562 815 3615 de.
826 3562 956 3630 doctrino,
980 3569 1058 3634 prout
1074 3565 1109 3618 eb
1125 3565 1167 3633 iis,
1186 3567 1232 3636 qui

136 3653 245 3704 verbum
268 3652 339 3704 vitoe
356 3651 407 3722 ipsi
425 3655 628 3720 conspexerunt,
652 3643 814 3722 polycarpus
832 3657 981 3721 acceperet,
1006 3651 1097 3706 eodem
1121 3669 1230 3723 prorsus

135 3737 214 3792 modo
227 3738 365 3808 referebat,
383 3742 411 3793 iu
430 3739 549 3792 omnibus
567 3756 626 3792 cum
639 3739 775 3810 Scriptura
792 3753 867 3791 encre
884 3741 1060 3795 consentione.
1095 3740 1232 3812 lluecego

136 3825 227 3880 divine
244 3827 306 3880 milri
322 3828 454 3899 largiente
471 3827 609 3879 clementie
626 3832 690 3880 tuno
706 3825 839 3881 studiosus
856 3825 1005 3895 audiebam,
1023 3843 1077 3882 non
1094 3827 1123 3880 in
1141 3827 1233 3881 uberte

135 3911 210 3967 red
201 3929 229 3966 ru
247 3914 326 3969 oorde
349 3931 408 3968 meo
430 3909 520 3970 auditu
542 3913 708 3982 decumbens,
731 3899 874 3984 codemque
897 3929 945 3984 per
961 3913 1013 3968 Dei
1030 3915 1143 4020 pretium
1165 3914 1233 3971 essi·

136 3998 187 4054 duc
204 4007 294 4072 repeto
311 4019 344 4056 ec
363 4003 473 4056 revolvo
491 3997 562 4054 etc.“

204 4123 235 4186 l)
252 4123 280 4176 ls
298 4122 427 4191 Jounnes,
452 4139 504 4192 quo
522 4122 552 4176 S.
570 4121 667 4192 Pupius
684 4135 748 4174 usus
765 4125 806 4176 eet
823 4121 964 4194 magistro,
983 4137 1046 4176 uum
1063 4085 1143 4176 luerit
1159 4056 1232 4191 alpe

135 4211 224 4304 stolus
240 4209 357 4264 Jonuuce
375 4225 409 4263 ou
427 4206 592 4276 Presbyter,
610 4207 654 4262 sd.
673 4206 698 4276 §.
717 4212 759 4262 74.
