2724 4796
408 273 862 412 ··⁴ao'

166 521 279 602 betur3
310 541 444 608 quarum
466 518 571 586 altera
594 517 837 609 Cirouologiuoe
867 521 909 589 ab
937 523 1015 591 orbe
1044 525 1166 592 condito
1195 549 1241 594 m·

167 650 229 714 que
252 626 293 693 ad
316 623 434 693 annum
464 625 647 704 Alexandri
669 626 785 693 Severi
814 630 968 712 primum3
998 629 1113 697 altera·
1128 630 1242 714 cyon

72 789 74 798 ,
166 753 225 800 eeu
254 735 525 816 computationem
557 730 745 816 parabolem
776 733 966 818 eprbibebat.
1023 735 1114 802 Prior
1147 751 1242 824 autem
1323 817 1325 828 .

164 861 238 922 pare
261 862 289 904 a.
313 835 533 904 chronicon
564 837 682 903 dudam
708 839 779 922 jam
809 838 984 923 deperdito
1004 837 1139 926 lugetur.
1180 842 1242 907 Ειι·

50 947 53 956 ’
113 940 115 951 ’
165 957 213 1010 tat
243 944 371 1028 quidem
402 942 587 1008 Chronioon
617 941 777 1026 quoddam
806 941 1082 1028 latinum,'quod
1110 945 1241 1012 nonnulli

50 1113 55 1130 ,
162 1045 237 1116 VV.
260 1047 336 1115 ΠΙ).
361 1047 402 1112 etl
425 1046 461 1112 S.
475 1045 684 1131 Hippolytum
707 1045 904 1113 referebant.
950 1047 1122 1115 Seil‘ietutl
1143 1051 1243 1116 eadem

53 1207 63 1232 ,
163 1153 291 1242 quidam
313 1153 394 1233 iere,
418 1175 480 1237 qua
510 1150 545 1216 S.
568 1151 695 1236 Martyr
716 1151 841 1231 floruit,
876 1165 985 1218 aetate
1008 1154 1181 1220 conlectam
1201 1167 1242 1238 at·

164 1281 226 1344 que
249 1282 269 1325 a
292 1257 388 1324 Gallo
421 1256 558 1342 quodam
582 1253 694 1322 Caroli
715 1255 764 1322 Μ.
788 1257 991 1340 'temporibus
1020 1259 1120 1324 latine
1147 1259 1241 1324 reddi-

47 1415 49 1424 ,
163 1377 229 1430 turn
259 1363 378 1443 iuima,
415 1364 476 1447 ipsi
506 1383 583 1424 vero
615 1359 792 1446 Hippolyto
823 1383 1026 1447 naquaquam
1055 1362 1242 1428 tribuentium

101 1461 108 1476 ¹
160 1470 345 1552 videtum)
368 1505 409 1520 -
432 1466 559 1531 Pariter
581 1463 685 1529 altera
716 1487 790 1549 para
812 1451 871 1533 eeu
895 1465 1028 1532 Conon
1046 1465 1243 1554 paschalia

62 1565 71 1574 ’
160 1579 303 1660 perierat
325 1595 397 1638 oum
419 1573 537 1636 caterio
552 1567 720 1652 Hippolyti
735 1573 965 1652 monumentis,
988 1595 1051 1639 neo
1075 1575 1142 1657 ejue
1164 1567 1242 1655 quid·

162 1701 255 1764 quam
285 1691 560 1762 praetereunter
590 1687 776 1757 supererat,
810 1670 883 1740 oum
914 1699 989 1743 eona
1019 1679 1106 1746 bono
1128 1676 1197 1747 Deo
1216 1687 1244 1738 et

159 1773 278 1871 magna
300 1805 371 1848 eum
395 1781 601 1857 Emditorpm
625 1781 767 1844 oninium
789 1779 917 1846 laetitia
938 1803 990 1846 ao.
1015 1780 1240 1848 nominitant

161 1909 206 1954 ex
229 1909 308 1976 agro
330 1885 462 1952 Veneno
485 1907 550 1952 oon
572 1881 685 1966 procul
707 1881 748 1947 ab
770 1885 853 1950 aede
888 1886 922 1952 S.
946 1887 1119 1954 Laurentii
1141 1887 1179 1952 ad
1198 1905 1242 1950 ur·

159 1993 233 2062 bam
273 2015 291 2058 e
328 1992 498 2061 ruderibue
527 1991 703 2054 memoriae
740 1987 909 2075 Hippolyti
946 1995 1101 2078 antiquae
1138 1990 1241 2056 enom

79 2123 80 2128 ¹
158 2098 276 2184 prodiit
297 2099 487 2180 perantiqua
508 2108 615 2160 etatae
637 2114 837 2172 marmorea,
867 2092 950 2160 nolio
972 2094 1139 2176 inuideas,
1160 2115 1241 2182 grae·

158 2206 207 2270 oie
235 2205 394 2286 utrimque
430 2199 535 2264 literia
564 2199 736 2282 ineoripta,
774 2219 857 2282 quae
888 2193 1067 2266 Cononem
1090 2195 1242 2284 Hippolyti

158 2307 379 2375 continebant.
432 2303 504 2369 Hoo
533 2303 632 2390 igitur
661 2317 725 2367 tam
754 2301 1114 2389 illustre-antiquitatis
1142 2323 1242 2370 monu-

71 2391 75 2404 .
115 2425 118 2432 '
157 2427 301 2479 mentum
323 2413 392 2474 viro
415 2408 596 2474 clarissimo
626 2405 789 2471 Marcello
814 2406 963 2491 Oet-eino,
995 2407 1031 2474 S.
1056 2409 1096 2476 R.
1119 2409 1157 2475 E.
1179 2419 1242 2472 tuae

159 2514 325 2583 cardinali
355 2535 393 2578 ao
421 2525 535 2595 postea
564 2511 697 2576 Surmno
719 2509 866 2581 Pontifici
895 2511 1075 2596 (Marcello
1097 2511 1155 2596 ll.)
1181 2511 1241 2596 tig-

67 2622 68 2633 ’
157 2623 324 2686 nimimum
347 2619 451 2682 vinnm
475 2629 542 2694 eet,
572 2615 710 2698 quadiu
738 2615 898 2682 Vaticano
920 2616 1115 2684 bibliotheca
1137 2616 1242 2688 ooale-

155 2738 254 2790 retur.
298 2723 433 2788 Literae
455 2719 598 2786 inbinie
620 2719 716 2804 hujus
738 2721 911 2788 cathedrae
925 2743 1132 2790 marmoreae
1153 2722 1241 2790 later·

156 2829 238 2897 enlin
259 2829 432 2909 inscriptae
455 2823 563 2908 oyeloe
592 2818 762 2908 paschales
794 2849 952 2893 annornm
981 2829 1128 2895 aedeoirn
1156 2823 1242 2911 (undo

154 2931 282 3001 Κανών
302 2925 627 3010 ἑκκαιδεκαετήρινος)
648 2929 869 3013 exhibebant,
898 2932 1103 3015 parobalium
1125 2943 1242 3018 quarto·

155 3038 354 3106 deeimarum
384 3039 424 3119 (a.
449 3042 492 3098 14
520 3033 607 3097 diem
628 3030 809 3118 Noviluuii)
839 3037 975 3117 dextro,
1005 3029 1244 3104 Dominioamm

153 3141 353 3228 paschalium
376 3141 526 3216 sinistro,
556 3150 707 3222 utraeque
737 3139 846 3224 cyclo·
868 3155 998 3208 eentum
1021 3157 1057 3208 et
1084 3141 1242 3210 duodecim

120 3290 121 3294 =
154 3267 258 3328 annos
279 3247 454 3311 universim
482 3240 538 3325 (ab
560 3263 612 3308 ao.
636 3249 711 3322 222,
735 3267 797 3329 quo
820 3267 936 3329 nempe
958 3247 1069 3329 ooepti
1089 3260 1175 3327 aaut,
1195 3263 1242 3310 m·

119 3339 132 3440 J
154 3373 216 3438 que
240 3351 281 3416 ad
304 3368 425 3414 annum
447 3352 525 3430 ³33)
556 3347 824 3431 comprehensos,
854 3373 917 3434 qua
945 3351 1073 3418 eoilioot
1095 3345 1242 3417 annorum

152 3457 286 3540 periodo
316 3455 416 3518 leriae
446 3451 578 3516 easdem
606 3455 640 3516 in
664 3451 774 3550 orbem
803 3454 910 3522 redire
933 3456 1072 3522 credidit
1093 3451 1243 3541 Hippoly-
1307 3510 1308 3514 ,

152 3573 214 3626 tus.
261 3557 324 3624 Hio
347 3555 455 3642 cycloe
483 3554 646 3640 paschalis
677 3579 722 3624 ex
752 3579 791 3624 eo
821 3571 984 3644 tempore,
1015 3581 1080 3646 quo
1104 3557 1242 3646 quaestio

153 3663 194 3732 de
216 3662 412 3730 celebrando
435 3661 594 3729 l’aeohate
617 3661 699 3729 adeo
721 3666 844 3753 agitata
864 3663 944 3748 luit,
972 3666 1097 3750 primae
1119 3677 1170 3732 eat
1189 3659 1243 3727 ho·
1324 3719 1325 3728 ,

152 3887 362 3906 Μ

221 4045 372 4112 illinitum
390 4051 431 4100 eet
447 4047 481 4102 ab
507 4041 633 4116 ilenrico
654 4043 767 4102 Caninio
789 4047 818 4103 iu
844 4048 930 4104 Leott.
958 4049 1058 4120 antiqq.
1087 4041 1244 4120 (iugulatio.

152 4139 344 4194 tout-16⁰0.
362 4133 408 4189 VI.
428 4139 458 4200 o,
477 4150 539 4188 nov.
557 4133 598 4189 ed.
617 4131 760 4204 namqu
775 4136 919 4192 Amatelod.
940 4142 1016 4194 1725.
1034 4133 1082 4188 η
1101 4134 1137 4198 t.)
1160 4131 1193 4186 Τ.
1211 4127 1243 4182 ll.

149 4243 176 4298 p.
194 4229 246 4279 579
263 4241 318 4294 sqq
342 4220 436 4276 deinde
460 4223 562 4277 auctius
583 4240 599 4276 ιι
625 4219 702 4278 Pati.
719 4219 830 4280 heom
855 4225 883 4280 in
907 4221 977 4279 Noe.
995 4219 1124 4280 Bibliotb.
1141 4217 1244 4288 limpit-

150 4310 247 4376 (Perie.
267 4315 343 4365 1657.
359 4309 393 4374 t'.)
412 4307 445 4365 Τ.
463 4311 485 4366 1.
502 4325 531 4382 p.
547 4312 608 4364 2⁹8.
782 4301 788 4310 '
