2574 4788
477 289 688 404 ...Q-
717 371 721 378 .

62 527 176 590 poem
196 505 404 584 abducentur,
427 508 696 590 quemadmodum
717 509 810 599 leges
824 471 1034 596 praecipiunt.
1053 460 1133 578 ‘lte-

62 633 109 696 que
127 607 181 674 88.
199 609 360 694 Martyres
381 609 490 698 fimi
507 613 728 679 collaudantes
750 615 792 680 ad
813 629 1003 684 consuetum
1026 618 1133 684 locura

61 716 181 798 perlecti
201 729 272 799 post
292 715 430 783 verbera
451 717 558 782 teceri
573 717 723 802 percurri
745 731 828 799 mat,
851 727 885 785 et
902 721 938 786 ιἰι
951 719 1133 791 &bacris

62 818 226 902 esserum
246 819 442 901 anysium,
457 829 731 889 wmmrw
747 841 756 887 ι
776 867 812 887 ..
901 839 905 858 ·

457 1063 460 1068 ’
550 1049 608 1114 lll.

65 1169 110 1243 lie
122 1169 175 1244 88.
193 1168 388 1271 Epipodio
408 1187 447 1250 et
461 1173 684 1250 Alexandro
710 1200 796 1250 curn
824 1177 942 1250 sociis
959 1173 1130 1252 xxxlv

279 1293 517 1389 Martyribus
544 1296 879 1393 Lugdunensibus.
957 1335 961 1342 ·

126 1446 152 1532 ὁ.
172 1455 271 1524 283·
318 1451 462 1532 Eadem,
486 1473 581 1536 quero
603 1475 700 1538 supra
723 1453 881 1531 diximus,
904 1455 1132 1536 perseeutione

60 1549 103 1614 nb
127 1548 172 1615 Μ.
196 1551 335 1619 Aurelio
356 1555 519 1622 Antonino
545 1556 712 1646 1(6.266.)
743 1579 795 1624 ao·
829 1562 892 1624 176
922 1557 1038 1624 oborta
1067 1557 1131 1624 duo

61 1653 101 1718 olii
119 1654 271 1742 Martyres
295 1659 452 1741 illustres,
475 1659 712 1746 Epipods'ee
727 1677 763 1728 et
784 1662 1035 1742 Alexander,
1059 1685 1132 1740 cum

61 1757 173 1852 triginta
200 1771 340 1849 quatuor
370 1765 465 1829 sociis
487 1765 639 1854 Lugduni
661 1789 718 1854 pro
744 1767 873 1836 Christo
896 1779 1033 1832 mortem
1056 1781 1132 1834 suut

60 1868 186 1948 perpessi.
229 1867 377 1945 Quorum
400 1881 484 1950 acta,
508 1872 571 1936 etsi
593 1871 673 1937 mihi
695 1873 825 1957 quidem
847 1871 988 1958 gemine
1003 1893 1066 1936 noro
1082 1875 1130 1939 vi·
1182 1950 1190 1968 x

62 1968 160 2050 dentur,
183 1973 443 2058 antiquarunm
459 1989 546 2056 suut,
571 1989 603 2040 at
617 1977 700 2042 adeo
723 1977 788 2043 fide
803 1977 903 2064 digua
915 1975 1132 2057 habebantur,

62 2085 86 2134 ot
108 2095 140 2140 ea
158 2074 352 2142 chinarts'or
380 2103 506 2164 quoque
536 2083 604 2146 suis
634 2083 808 2148 inseruerit
828 2079 924 2146 Actis
946 2077 1134 2166 Martyrum

65 2175 169 2243 dcee'rir
188 2179 307 2254 (Paria
323 2187 434 2268 1689.)
455 2213 486 2272 p.
499 2191 553 2252 67.
597 2185 766 2274 Leguutur
788 2184 905 2252 eadem
928 2185 1026 2250 etiem
1049 2185 1134 2268 apud
1156 2181 1174 2218 '⁸

65 2275 163 2346 usos
183 2286 234 2350 die
257 2293 303 2352 22
326 2285 428 2371 April.
452 2287 495 2354 Τ.
519 2289 562 2356 ΙΙ.
586 2315 617 2373 p.
640 2297 723 2371 818,
755 2303 788 2356 et
809 2293 844 2356 iu
866 2287 1024 2354 Bollcodi
1045 2289 1132 2356 Actt.

62 2381 106 2449 88.
124 2409 161 2452 ιιι.
182 2389 286 2475 April.
312 2387 428 2458 T.111.
451 2420 483 2480 p.
504 2401 622 2462 8-10.
667 2395 835 2464 Historiae
858 2407 967 2462 autem
989 2413 1134 2459 semme

62 2487 202 2560 brocost:
225 2495 385 2579 Principis
409 2497 474 2577 (Μ.
496 2499 638 2584 Aurelii)
660 2499 818 2566 Antonini
837 2499 914 2565 Ven'
934 2499 1061 2566 decimo
1077 2521 1133 2564 oc·

62 2605 116 2660 toro
140 2597 259 2683 imperii
290 2621 397 2686 anuo,
436 2627 509 2672 curn
537 2628 596 2690 per
622 2607 805 2690 provincias
833 2601 1015 2670 Gentilium
1043 2604 1134 2670 furor

63 2703 191 2782 saeviret,
218 2707 393 2789 praecipue
416 2707 452 2772 in
472 2709 687 2800 Lugdunensi
714 2710 795 2776 urbe
824 2709 1041 2777 debacchatus
1070 2719 1150 2788 estu

63 2799 177 2874 Etcum
204 2831 311 2895 paene
340 2811 382 2876 ad
411 2815 575 2904 integrum
605 2815 728 2881 Christi
756 2836 875 2880 nomen
904 2838 925 2880 a
947 2811 1133 2880 Gentilibus
1200 2809 1203 2816 ’

61 2909 215 2980 crederetur
237 2918 440 2999 extinctum,
469 2943 529 3005 per
549 2921 764 3006 proditionem
793 2919 1005 2988 domesticam
1033 2905 1133 2984 eliasu

60 3005 214 3098 Epipottoe
236 3035 270 3086 et
292 3021 504 3104 Aleeorcder,
534 3022 626 3112 quod
639 3024 764 3092 occulte
787 3045 920 3110 operam
940 3023 1057 3090 duent
1077 3044 1132 3090 ca·

61 3115 175 3187 tholicse
196 3123 272 3192 fidei
296 3123 415 3210 cultui,
438 3129 587 3198 Praesidi
609 3133 753 3198 nunciati
774 3143 869 3211 sunt‚·
898 3153 977 3216 quos
999 3129 1058 3196 ille
1080 3131 1131 3228 in·

61 3221 155 3310 lagine
175 3229 333 3312 sollicita,
358 3255 483 3302 exosae
505 3235 674 3326 religionis
696 3235 852 3322 reliquias
873 3238 909 3300 in
930 3233 998 3300 illis
1021 3237 1130 3300 extin-

60 3345 138 3410 guere
163 3339 311 3420 cupiens,
342 3343 508 3426 praecepit
536 3343 666 3426 inquiri.
711 3343 755 3407 Et
780 3339 973 3408 Alexander
1002 3339 1132 3426 quidem

61 3435 167 3501 ustione
188 3439 330 3510 Graecus
357 3443 435 3526 luit,
466 3447 644 3532 Epipodius
665 3469 743 3512 vero
765 3445 995 3534 Lugdunensis
1017 3447 1131 3512 civita·

61 3535 91 3600 tis
105 3541 257 3632 indigena.
302 3545 376 3614 Jaru
399 3573 456 3617 eos
478 3551 613 3618 scholae
635 3549 885 3618 contubernium
907 3563 941 3616 et
955 3553 1073 3617 caritas
1095 3552 1144 3636 inv

61 3643 178 3722 Pflmlis
199 3653 269 3734 jam
300 3653 405 3722 virilis
433 3660 668 3743 conjunxerat,
698 3670 731 3722 et
760 3655 934 3722 concordia
963 3666 1130 3722 crescente

61 3743 143 3815 indies
174 3755 212 3819 sd
244 3757 411 3848 religionis
444 3765 656 3830 incitamenta
688 3784 725 3828 se
758 3775 869 3828 mutuo
903 3771 1128 3848 provocarunt.

61 3845 141 3920 Erant
164 3861 253 3928 arnbo
279 3867 461 3950 juventutis
491 3869 572 3933 flore
600 3869 765 3952 conspicui
788 3868 926 3934 necdum
948 3863 1128 3954 conjugali·

19 4055 20 4060 γ
61 3949 249 4034 bannalis
276 3971 443 4055 implicati.
490 3973 666 4040 Saeviente
695 3985 805 4038 autem
832 3973 1057 4056 persecutione
1078 3967 1127 4046 la-

62 4057 162 4134 ttbran
176 4090 363 4156 quaerentes
385 4079 420 4144 in
443 4082 570 4168 turgurio
594 4077 764 4166 cujusdam
785 4075 962 4166 religiosae
986 4097 1023 4140 ac
1045 4073 1126 4140 lide-

63 4157 213 4241 buturo
235 4201 270 4244 se
292 4169 495 4250 abdiderunt.
540 4182 640 4252 Brevi
661 4207 740 4251 vero
762 4185 901 4265 detecti,
931 4184 1016 4268 cepti
1038 4193 1072 4246 et
1091 4183 1127 4247 in
1211 4239 1219 4248 .

65 4285 197 4344 carcerem
224 4287 310 4354 missi
340 4301 425 4356 runt.
477 4287 558 4358 Post
586 4289 725 4358 triduum
752 4290 871 4358 vinctis
898 4299 971 4376 port
1000 4297 1127 4376 tergum
1203 4346 1213 4367 ,
