2704 4786
152 509 225 574 dem
247 509 386 590 videtur)
408 511 495 572 iuter
516 505 659 590 spuria
683 505 863 593 ablegetur.
900 507 938 572 lo
957 507 1165 579 altera-enim
1181 513 1252 594 epi-

151 613 237 679 stola
263 635 317 677 res
344 633 586 702 prossusmova
617 625 649 676 et
677 612 759 678 nulli
782 631 890 676 rerum
914 611 1113 678 Gallicarum
1142 611 1253 697 Scrip-

151 722 213 783 tori
244 719 375 804 cognito
404 703 571 797 narratur,
602 739 717 801 nempe
744 715 943 801 &aplanus
972 730 1048 782 tuno
1078 739 1189 802 regem
1221 731 1256 782 et

152 823 252 889 alium
275 823 436 907 quandam
458 835 629 904 mrauuum
652 843 790 908 unacum
807 821 953 906 Satrapis
970 825 1042 888 suis
1065 821 1255 890 aMartiele

151 929 331 1013 baptizatos
361 949 445 991 esse.
490 924 598 1005 Adde,
630 927 714 1011 quod
743 929 777 990 in
806 929 949 1008 utrisque
977 925 1083 992 literis
1112 925 1186 992 loca
1215 927 1253 992 S.

152 1032 338 1116 Scripturas
357 1045 476 1114 aperte.
489 1029 666 1096 secundum
681 1033 865 1096 versionem
880 1027 1161 1114 Hieronymum
1175 1053 1252 1116 pas·

152 1140 213 1202 siun
243 1136 448 1223 allegantur.=

663 1326 737 1392 Vll.

179 1455 330 1532 Abdiae
357 1455 565 1547 Babylonii
592 1454 700 1528 Libri
729 1453 768 1528 X
795 1452 842 1526 de
880 1455 1091 1555 conamine
1117 1452 1223 1552 Apo-

604 1577 803 1649 stolorum.

241 1734 394 1818 §.1000
439 1730 615 1810 Abdias,
646 1727 741 1814 quein
771 1731 930 1798 Judaeum
961 1744 994 1796 et
1023 1730 1255 1814 Apostolorum

105 1833 108 1844 ’
154 1837 345 1920 discipulum
369 1836 498 1920 quidam
520 1848 644 1920 putant,
666 1835 788 1919 pumat
803 1833 1001 1918 Babyloniae
1022 1835 1189 1920 episcopas
1212 1835 1255 1899 ab

148 1940 318 2028 Apostolos
339 1939 506 2020 ordinatus
527 1939 628 2004 luisse
651 1939 777 2004 dicitur.
822 1939 854 2004 ls
876 1942 1043 2024 scripsisse
1064 1939 1254 2024 uitasApo·

155 2046 304 2112 stolarum
325 2044 530 2128 perhibetur,
555 2056 587 2108 et
610 2066 667 2108 eas
690 2044 817 2126 quidem
840 2043 954 2129 lingua
974 2041 1138 2124 hebraica,
1159 2058 1257 2128 prout

154 2157 224 2236 ipse
254 2149 342 2216 dicit.
386 2149 430 2214 At
458 2148 567 2232 plures
595 2146 750 2231 loquendi
779 2147 938 2212 formulae
967 2149 1014 2216 ibi
1045 2161 1255 2216 occurrentes

155 2257 326 2324 manifeste
343 2253 471 2332 docent,
493 2252 594 2318 libros
617 2256 697 2318 istos
712 2251 817 2316 latine
831 2255 979 2336 primum,
1003 2275 1067 2318 uon
1084 2253 1254 2334 hebraice,
1259 2252 1265 2256 ’

155 2361 281 2426 fuisso
293 2370 458 2427 exaratos
507 2355 608 2422 l'orro
639 2356 761 2423 Abdias
792 2351 955 2422 Christum
991 2357 1057 2422 nais
1087 2357 1227 2422 oculis
1217 2381 1255 2424 ιιι

116 2543 118 2553 Ι
155 2477 242 2530 terra
266 2465 337 2548 jam
368 2462 489 2526 vidisse
521 2462 653 2542 dicitnr,
684 2483 756 2526 cum
786 2473 895 2526 tamen
924 2463 994 2544 ipse
1025 2461 1184 2528 nonnulle
1207 2485 1256 2528 ex

58 2648 67 2664 x
122 2565 334 2654 'Hegesippi
362 2565 454 2630 libris
483 2565 611 2644 laudet,
650 2587 745 2650 quem
774 2563 971 2648 Scriptorem
1009 2589 1095 2632 anuo
1126 2570 1256 2634 circiter

157 2679 224 2749 160·
242 2696 271 2755 p.
297 2667 373 2734 Chr.
397 2670 572 2750 claruisse,
602 2670 722 2735 obiisse
751 2691 828 2736 vero
852 2693 938 2736 anuo
966 2677 1026 2739 180
1056 2686 1257 2754 compertum

156 2789 215 2841 est.
260 2771 378 2840 Narrat
400 2777 500 2855 idem,
522 2775 616 2841 illum
639 2773 822 2854 hominem,
846 2779 897 2840 cui
925 2775 1056 2842 Thanar
1077 2777 1256 2862 Apostolus

154 2879 344 2960 maledixit,
372 2881 472 2946 luisse
502 2901 521 2944 ιι
548 2879 698 2956 leonibus
726 2879 933 2956 dilaniatum
964 2895 998 2946 at
1020 2882 1054 2946 id
1081 2884 1186 2966 ipsum
1207 2880 1255 2944 D.

153 2984 355 3072 Augustinus
384 2987 418 3048 in
441 2981 516 3050 Lib.
547 2992 660 3048 coaatra
681 2984 891 3048 Adimantum
918 2969 947 3050 o.
981 2991 1033 3052 17.
1063 2984 1283 3082 figmentum

38 3090 42 3099 “
153 3089 422 3157 Manichaeorum
452 3111 525 3154 esse
541 3092 606 3172 ¹ait.
653 3087 795 3154 Taceam
819 3089 884 3154 elia
908 3089 1023 3174 (inulta
1044 3103 1120 3155 suut
1142 3091 1256 3172 euim),

155 3181 237 3280 quale
273 3207 383 3278 aperte
420 3195 580 3260 mendacii
609 3208 643 3260 st
671 3191 813 3258 fictioriis
847 3195 989 3276 speciem
1018 3193 1256 3278 praeseferunt.

153 3295 253 3363 Edits'
275 3310 350 3362 sunt
377 3300 432 3362 isti
454 3297 530 3362 libri
552 3301 689 3382 primum
713 3323 731 3364 o
754 3299 981 3366 vetustissimis
1005 3301 1055 3378 (ut
1076 3297 1256 3381 affirmant)

156 3391 315 3469 codicibus
338 3425 357 3466 a
388 3401 509 3490 Wolfg.
532 3402 660 3468 Lusio
684 3411 780 3483 1551,
803 3405 910 3502 reensi
933 3399 1049 3466 deinde
1072 3425 1092 3468 a
1113 3402 1163 3466 Ja.
1185 3399 1255 3468 Fa-

147 3507 223 3588 bra,
256 3521 289 3572 et
317 3509 402 3572 notis
432 3507 584 3574 illustrati
615 3533 635 3574 a
662 3509 713 3574 Jo.
744 3507 820 3576 Ati.
850 3503 1016 3572 Fabricio.
1060 3506 1139 3573 Post
1169 3505 1255 3572 elias

7 3603 34 3668 s
144 3591 294 3696 vdenique
318 3612 507 3680 editiones'
498 3637 533 3680 ru
555 3614 674 3726 multas
697 3617 849 3696 passim
841 3609 904 3679 58.
928 3611 1061 3676 Patruus
1076 3609 1254 3677 Btittasta·
1265 3693 1270 3704 Ι

143 3712 212 3810 'eas
234 3719 347 3782 inserti
369 3731 454 3792 sunt.

656 3863 816 3939 Vlll.

247 4000 307 4073 De
335 4001 580 4075 testamentis
609 3997 812 4073 duodecim
840 3999 1159 4074 Patriaroharum.

212 4164 241 4220 1.
271 4153 331 4218 Aa
353 4154 437 4217 siat
458 4155 641 4240 genuina
662 4161 700 4216 et
722 4174 793 4239 quo
816 4161 996 4238 tempore
1019 4152 1199 4236 scripta.

243 4275 273 4360 b.
296 4285 398 4351 1⁰0·
444 4274 567 4340 Auctor
580 4275 669 4355 libri,
693 4279 747 4360 qui
758 4275 944 4343 inscribitur
962 4275 1163 4370 Testamenta
1179 4273 1259 4340 ΧΠ
