2724 4796
466 341 469 350 ’
600 315 810 427 An...

104 609 109 620 Ι
156 525 351 608 schelius,
380 527 512 598 scholas
535 530 745 622 Augustanus
768 535 888 602 Rector
909 545 944 600 et
964 530 1235 618 Bibliotheusriar,

154 637 369 725 fragmentum
399 638 528 723 ina‘igne
558 651 592 704 et
613 627 693 706 sutis
714 638 874 724 amplum,
904 638 966 705 sibi
989 661 1034 705 ex
1056 639 1149 706 italia
1168 645 1236 708 mis-

155 765 238 823 aum,
262 745 313 810 cui
336 739 464 808 titulus:
509 741 669 808 Aduersus
703 742 844 808 Graecos
874 743 959 810 liler
981 744 1036 832 qai
1062 743 1238 834 inscribitur

156 850 345 916 aduersus
377 843 589 910 Plutonem
618 849 664 913 de
697 869 817 912 causo
854 847 1042 914 Unicerti
1076 849 1236 936 evulgavit.

154 953 211 1022 Ex
232 976 294 1040 quo
325 967 493 1048 tempora,
521 965 683 1036 utcunque
711 955 798 1018 inter
820 953 982 1054 Antiquos
1000 977 1066 1020 non
1088 976 1237 1021 convene·

153 1071 223 1139 rat,
254 1059 465 1124 Recentiores
495 1057 564 1121 iere
594 1077 708 1122 omnes
730 1057 864 1125 indiculi
887 1057 1024 1142 hujusce
1047 1065 1236 1139 auctoritate,

153 1161 238 1248 stylo
269 1177 302 1228 et
331 1163 619 1250 argumentationis
648 1183 788 1248 genere,
826 1161 966 1247 aliisque
994 1165 1126 1248 insuper
1153 1185 1237 1251 ergn-

152 1269 271 1334 mentis
300 1267 376 1342 freti
406 1265 583 1350 Hippolyto
613 1265 647 1330 id
676 1265 873 1350 adjudicent.
930 1265 1135 1348 Balentium,
1163 1268 1239 1352 qaod

70 1383 73 1390 '
152 1371 238 1438 liber
266 1375 329 1438 iste
359 1393 425 1437 uon
456 1384 506 1435 est
534 1373 662 1456 integre
691 1369 734 1434 ad
763 1389 823 1435 nos
853 1371 1041 1438 manslatus.
1092 1369 1130 1439 ln
1157 1387 1237 1458 parts

118 1457 126 1470 ⁸
154 1481 332 1544 etiamnum
361 1481 553 1540 consmvata
582 1488 615 1538 et
644 1495 663 1536 a
693 1475 838 1540 tenebris
875 1479 967 1544 eruta
996 1477 1053 1542 de·
1068 1475 1162 1544 liade
1186 1499 1237 1544 sen
1306 1559 1310 1572 ι

117 1651 125 1662 ,
152 1577 359 1666 receptaculo
390 1579 576 1657 disseritur,
606 1599 668 1662 quo
699 1581 841 1643 omniunt
871 1593 939 1646 tum
961 1583 1125 1667 justorum
1154 1603 1237 1667 quam

148 1674 322 1770 impiorum
352 1695 425 1766 post
453 1694 590 1746 mortens
619 1685 748 1748 animae
777 1681 859 1750 louis
888 1687 1050 1770 utrimque
1079 1687 1235 1770 separatis,

151 1801 187 1854 et
215 1789 295 1854 boni
324 1786 453 1870 quidem
481 1783 570 1850 laeta
598 1807 655 1868 spe
687 1799 720 1850 et
749 1789 961 1870 exspectione
983 1793 1141 1871 recreati,
1169 1789 1236 1856 mali

151 1913 230 1958 vero
252 1905 382 1976 propter
403 1903 525 1960 metum
542 1891 660 1974 judicii
677 1893 748 1974 jem
770 1911 856 1958 nuuc
879 1899 1059 1962 excruciati
1081 1898 1235 1962 continen-

151 2010 203 2064 tur
235 2019 337 2082 usque
371 1995 412 2062 ad
445 1997 714 2062 resurrectionem
745 2009 778 2060 et
802 1997 984 2094 judicium,
1018 2001 1167 2068 omnibus
1186 1999 1235 2065 aed

151 2101 367 2189 inaequaliter
396 2123 417 2166 a
445 2100 519 2166 Deo
549 2099 809 2166 determinatum.
841 2139 882 2154 -·
913 2101 986 2170 Hoc
1017 2101 1235 2188 amplissimum
1322 2169 1323 2196 ¹

151 2205 367 2295 fragmentum
390 2207 511 2291 primus
532 2225 581 2291 gr.
605 2217 638 2268 ct
666 2201 724 2268 lat.
748 2203 851 2270 edidit
879 2205 964 2272 Duo.
987 2207 1235 2274 Hocrcleliot
1322 2203 1323 2250 t

149 2313 186 2378 sn
208 2314 294 2378 aas·
316 2313 384 2377 aar·
406 2312 447 2378 aa
469 2291 614 2374 rutam
636 2305 857 2374 narranaam
878 2310 1089 2401 mtaamag.
1103 2311 1234 2392 rorat.)

58 2465 62 2472 -
146 2419 182 2500 p.
206 2421 228 2482 9
249 2438 337 2500 aqut
366 2413 484 2480 deinde
514 2409 625 2496 steph.
648 2409 702 2474 Lc
722 2407 906 2494 Mosarna
935 2437 1021 2490 nora
1050 2417 1234 2484 latinarer·
1274 2479 1279 2484 .
1320 2415 1322 2420 ’

117 2569 124 2590 .
151 2523 245 2586 sione
266 2523 457 2586 instructum
486 2520 641 2599 inopere
671 2539 699 2582 e.
723 2528 745 2580 t.
777 2513 876 2584 Varia
899 2517 1006 2586 Sacro
1038 2522 1157 2610 (Lngd.
1179 2521 1233 2586 Ba·

149 2635 216 2688 ter.
243 2629 337 2690 1685.
360 2625 415 2704 4),
449 2641 545 2706 qnam
574 2619 748 2686 editionem
776 2635 906 2690 secutus
929 2638 980 2690 est
1008 2624 1086 2690 Alb.
1107 2622 1141 2692 F
1143 2621 1233 2688 alri-

151 2711 248 2792 cier‘
265 2731 300 2794 in
331 2728 474 2794 editione
505 2723 585 2810 Opp.
617 2725 653 2790 8.
681 2722 858 2810 Hippolyti
893 2728 938 2813 (o.
968 2730 1050 2811 385)
1088 2728 1129 2795 Τ.
1157 2729 1233 2812 i.p·

150 2837 358 2900 aso-222.
676 2875 680 2882 -

274 3161 282 3186 ,
344 3131 390 3175 ec.
440 3107 615 3178 Tractentur
636 3118 749 3177 cestra
776 3107 926 3178 lumenta
945 3105 1055 3181 Nosti.

534 3261 565 3371 o
590 3301 746 3376 ornantes
764 3305 863 3392 uara.

237 3467 267 3553 §-
300 3463 393 3542 arr.
449 3459 485 3528 s.
517 3436 737 3548 Hippolytum
759 3465 926 3567 aaaron
960 3464 1112 3531 arvam
1143 3473 1233 3528 mn

149 3567 314 3649 hommes,
345 3566 508 3634 Eusebius
523 3569 554 3650 ¹)
584 3581 618 3632 at
639 3565 856 3650 Hieronymus
869 3569 902 3650 ²)
932 3580 1104 3636 testautru.
1145 3568 1232 3634 Prae-

149 3673 242 3742 terea
270 3674 328 3741 alii
358 3673 441 3740 alios
470 3670 652 3759 singulares
674 3673 845 3758 designant
867 3671 1068 3752 haereticos,
1100 3693 1174 3758 quos
1201 3667 1231 3732 S.
1320 3661 1321 3674 ¹

92 3796 97 3810 “
147 3779 327 3866 Episcopus
349 3791 383 3844 et
403 3777 532 3861 Murtyr
551 3779 677 3862 scriptis
698 3779 766 3843 suis
787 3779 998 3866 impugnavit,
1022 3801 1052 3844 s.
1074 3799 1123 3866 gr.
1143 3769 1231 3842 Nico·

221 4129 369 4197 alliacen.
387 4127 457 4224 iiiut
475 4129 548 4184 licei.
566 4129 626 4185 Lib.
645 4127 690 4186 Vi.
710 4145 733 4187 c.
752 4135 786 4184 tn
803 4129 856 4202 fin,
875 4129 916 4184 ed.
935 4129 1005 4187 laud.
1022 4147 1049 4202 p.
1067 4133 1126 4186 tw.

217 4239 248 4302 2)
266 4234 300 4292 S.
319 4231 483 4300 timonem.
502 4231 585 4286 Cetei.
603 4233 711 4304 sumpte
730 4235 792 4291 ecci.
811 4251 834 4288 c.
852 4237 904 4301 dl,
921 4235 948 4288 in
966 4235 1006 4302 iij.
1026 4233 1093 4302 opp.
1112 4245 1179 4286 omn.
1193 4221 1230 4280 ed.

39 4331 40 4334 ’
149 4321 264 4379 Manum.
283 4321 315 4376 Τ.
333 4319 378 4374 lv.
396 4318 429 4373 Ρ.
447 4319 483 4374 11.
501 4319 551 4372 ool.
571 4325 629 4373 us.
