2614 4790
373 309 832 428 ..n-ffl—

185 533 300 620 tsndas
323 497 719 616 Tryplionisobjeetiones
741 541 898 615 spectant,
922 528 1005 614 qnod
1029 524 1200 596 Christiani
1219 527 1264 594 le·

131 701 135 708 ,
186 661 261 728 gem
282 659 347 731 non
371 635 555 714 observent,
578 646 612 698 et
630 633 953 703 Denmcrneifixnnr
974 633 1118 700 credant.
1160 632 1261 718 Setini·

127 797 148 820 ,.
185 757 237 810 tar
254 745 326 828 jam
347 742 527 814 reconda
543 754 618 824 pars
639 738 774 826 Dialogi
796 739 835 804 dt
851 737 971 804 Christi
985 737 1132 804 Deitate.
1148 739 1266 806 ‘dorion

56 915 65 924 ,
186 851 315 918 instans
342 843 474 928 Trypho
508 843 650 930 postolat
676 859 712 911 nt
742 843 899 912 Christos·
930 849 1034 931 primo
1066 842 1267 912 antemna

187 952 291 1019 Deua
313 951 498 1034 exstitisse;
528 949 644 1015 deinde
665 963 702 1016 nt
724 951 862 1018 eandem
883 950 1105 1029 incarnatam,
1133 947 1268 1016 domim

187 1058 308 1124 iactum
336 1075 424 1130 essm
451 1072 510 1118 neo
537 1065 647 1119 tamen
675 1077 748 1120 esse
775 1053 924 1120 bominem
952 1073 994 1120 ea
1020 1053 1141 1124 ioniae
1167 1051 1268 1137 probet

85 1213 88 1222 .
189 1165 232 1245 (o.
255 1139 337 1244 tit).
382 1149 527 1224 Justinde
556 1161 668 1244 igitur,
686 1139 870 1242 'antequam
898 1157 1148 1242 disputationem
1173 1160 1267 1242 inpre-

191 1267 314 1347 diatnr,
337 1275 466 1344 monet,
488 1276 524 1328 nt
544 1261 649 1328 fixam
670 1276 836 1347 ratumque
858 1275 1005 1342 maneat,
1033 1262 1117 1347 qnod
1133 1265 1200 1346 jam
1220 1261 1268 1325 de·

190 1381 403 1442 monstratum
426 1379 507 1448 erat,
529 1363 636 1432 Jemm
657 1389 772 1452 nempe
796 1389 869 1433 esse
892 1364 1062 1432 Christum.
1108 1364 1269 1450 Objioienti

190 1498 288 1554 vero,
317 1471 459 1540 nondum
482 1471 653 1538 advenisse
675 1469 804 1552 littae,
826 1469 1014 1556 respondet,
1037 1469 1188 1534 Ioannem
1208 1489 1269 1534 esse

191 1581 287 1666 primi
317 1578 471 1644 adventas
501 1597 761 1660 praecursorem,
790 1578 888 1662 idque
919 1599 964 1642 ex
992 1573 1088 1640 Ionia
1118 1572 1270 1640 confirmat

194 1691 237 1768 (e.
266 1687 442 1765 49-52.);
479 1679 519 1744 ab
548 1683 618 1764 ipso
649 1693 756 1746 antem
784 1678 884 1746 Jacob
914 1681 995 1746 dnos
1024 1680 1181 1746 adventas
1208 1699 1270 1744 esee

191 1788 374 1874 praedictos
403 1783 543 1850 ostendit
570 1785 614 1866 (e.
638 1786 804 1866 52—55.).
825 1847 830 1860 ,
848 1787 891 1852 Et
918 1797 1057 1871 rogante
1079 1783 1217 1862 Iudaeo,
1242 1785 1292 1846 nt'

195 1891 343 1958 Christus
364 1889 454 1954 Deae
474 1887 645 1973 probetur,
670 1872 728 1955 sed
754 1891 835 1955 eitra
861 1885 1104 1972 metaphoram,
1133 1888 1272 1972 promittit

195 1997 340 2062 lustinus
368 2015 406 2058 se
427 1991 564 2076 probat,
581 1991 706 2072 Deum,
735 1994 790 2076 qni
810 1992 982 2078 Abrahae,
1011 1991 1113 2058 Jaeob
1141 2005 1173 2058 et
1196 1989 1271 2056 Mori

195 2101 354 2186 apparuit,
377 2097 486 2164 aDeo
501 2101 606 2165 Patre
628 2120 701 2164 esse
724 2097 909 2164 distinctum
924 2099 968 2181 (o.
985 2097 1159 2180 55—60.);
1182 2108 1212 2160 et
1224 2092 1271 2158 Ja-

89 2239 92 2246 ·
197 2207 307 2289 daieas
335 2203 376 2268 de
399 2223 456 2282 eo,
485 2203 596 2288 quiin
617 2201 698 2268 rubo
721 2203 884 2289 apparuit,
914 2203 1085 2284 opiniones
1113 2199 1228 2266 refellit
1246 2209 1272 2260 et

197 2307 401 2394 Sapientiam
430 2306 565 2392 aRDeo,
594 2308 767 2393 inignem
790 2327 837 2384 ex
857 2309 951 2391 igne,
980 2310 1126 2392 genitam
1155 2305 1272 2370 demon·

197 2426 279 2480 strat
300 2433 346 2477 ex
366 2410 475 2475 verbis
498 2409 674 2476 Salomom‘r
696 2423 730 2474 et
750 2407 853 2474 Moris
874 2411 917 2492 (o.
933 2413 1101 2493 60-63.).
1145 2409 1205 2474 Hir
1220 2408 1272 2492 igi·

64 2545 69 2574 ι
129 2559 131 2570 ,
197 2534 248 2586 tar
271 2517 311 2582 da
335 2513 457 2582 Christi
480 2515 648 2580 divinitate
671 2515 868 2600 argumentis
891 2513 1010 2610 cedens
1031 2527 1127 2603 rogat
1145 2509 1272 2596 Trypho,

197 2635 233 2688 ut
255 2634 288 2686 et
311 2621 351 2684 de
373 2618 451 2684 Filii
473 2617 539 2682 Dei
560 2618 804 2696 incarnatione,
825 2617 982 2701 pastione,
1005 2615 1228 2693 resurreetione
1247 2624 1273 2676 et

196 2729 232 2792 in
255 2723 382 2790 eoelum
405 2720 588 2786 arcemone
602 2735 716 2809 pergat
738 2743 915 2806 exponere.
946 2721 1032 2790 Tum
1049 2724 1190 2791 Justinns
1203 2717 1272 2786 mni·

97 2859 99 2864 ·
131 2921 137 2934 ·
198 2831 253 2908 tis,
275 2825 389 2912 quibus
412 2824 560 2891 Christus
581 2839 617 2890 ut
637 2823 726 2890 Deae
747 2827 843 2893 simal
865 2841 898 2894 et
909 2826 1007 2892 Homo
1028 2827 1187 2908 landatur,
1206 2843 1272 2911 geo-

89 2935 90 2940 ’
198 2934 340 3018 reamque
369 2931 538 2998 conversio
560 2929 770 3014 praedicitur,
798 2935 991 2998 testimoniis
1019 2933 1139 3000 adlatis
1160 2951 1273 3010 snscep-

200 3051 267 3102 tam
289 3037 596 3102 demonstrationem
618 3038 829 3118 prosequitur,
851 3035 958 3102 l'ooum
980 3037 1104 3106 Isaiae:
1127 3033 1198 3122 Ego
1215 3029 1273 3098 m·

200 3141 301 3205 minat
321 3138 496 3218 Deam...
526 3152 559 3202 et
584 3137 725 3223 gloriam
751 3159 858 3204 means-
877 3141 979 3206 alteri
1004 3163 1068 3208 non
1090 3139 1170 3207 dodo
1189 3152 1275 3221 nepte

199 3245 334 3310 rimator
350 3264 444 3324 mear,
459 3271 510 3288 ·--
532 3255 567 3307 et
586 3242 723 3334 aiteram
740 3245 859 3310 Isaiae:
882 3247 971 3310 Eece
983 3246 1075 3333 virgo
1091 3239 1273 3326 coempta..

96 3338 99 3360 '
202 3353 338 3434 exponit
361 3350 403 3432 (o.
426 3348 593 3435 tia—did.
638 3343 768 3413 Deinde
791 3349 833 3415 ad
861 3349 1006 3434 ejusdem
1028 3349 1112 3416 alias
1134 3337 1273 3432 objectio-

120 3463 124 3482 ¹
180 3477 279 3545 ,nes,
303 3473 418 3536 nempe
441 3451 525 3517 hano
548 3473 593 3518 ex
615 3455 739 3538 virgine
761 3456 1007 3539 generationem
1021 3450 1162 3534 fabulae
1181 3442 1276 3514 Persei

203 3549 275 3625 noa⁴
297 3556 479 3623 absimilem
510 3579 600 3636 esse,
630 3570 663 3620 et
690 3561 792 3622 satias
818 3557 918 3624 fuisse
941 3557 1051 3622 Jesnrn
1080 3553 1222 3620 hominen
1241 3561 1276 3613 ev

201 3653 322 3726 domine
350 3675 460 3726 natum
490 3661 548 3731 sed
568 3674 698 3745 propter
724 3664 884 3745 potiorem
911 3665 999 3728 vitae
1021 3659 1219 3748 sanctitatem
1239 3669 1276 3716 ex

202 3765 431 3832 observatione
453 3765 538 3854 legia
561 3767 603 3831 ad
617 3765 682 3831 Dei
705 3767 895 3853 dignitatem
918 3779 1063 3833 ereetum
1087 3785 1159 3830 esse
1175 3756 1276 3826 existi·

202 3889 309 3950 mare,
337 3871 537 3954 respondens
565 3874 668 3955 primo
692 3870 843 3936 Judaieas
866 3871 906 3935 de
928 3869 1003 3958 lege
1033 3883 1066 3936 et
1087 3869 1128 3934 de
1150 3865 1275 3936 Christo,

202 3993 298 4057 quem
319 3975 484 4041 hominem
507 3999 552 4042 ex
572 3975 758 4041 horninibus
780 3974 843 4040 sibi
859 3973 1030 4062 fingerent,
1054 3975 1217 4059 opiniones
1233 3985 1275 4030 re·

201 4076 305 4154 tallia
327 4083 449 4144 tamin
472 4079 535 4160 his,
559 4102 641 4164 quae
663 4079 786 4146 Poetae
804 4065 849 4144 'de
868 4077 1011 4160 Baeeho,
1033 4075 1185 4154 Herenle,
1205 4071 1275 4138 Aet·

202 4181 346 4267 calepio,
375 4184 494 4251 Perseo
516 4183 718 4264 fabulentur,
747 4182 885 4248 artificia
905 4181 1039 4262 diodoli,
1061 4178 1190 4248 oracula
1209 4171 1276 4238 Pro·

56 4350 59 4359 ,
197 4283 368 4376 pteram
389 4289 559 4370 imitantia,
582 4288 741 4368 orrentia
763 4287 902 4374 deniqne
924 4299 1051 4358 textam
1066 4286 1183 4370 iiiam:
1199 4273 1276 4359 Eece
