2686 4794
667 309 744 383 300

601 403 811 428 -ῤ--ῑ

160 549 361 612 nequaquem
390 525 515 594 inutilis
537 547 598 592 neo
618 525 818 592 iulructuoss
839 525 907 592 illis
928 525 1005 603 luit,
1037 525 1096 590 sed
1125 547 1183 608 per
1205 515 1255 610 ip·

159 653 268 703 sorum
298 628 543 699 tolerantiam
534 651 693 697 ammenta
724 626 844 694 Christi
877 630 1096 694 misericordia
1129 629 1256 696 illuxit.

159 735 287 822 Quippe
308 745 436 800 mortue
452 735 524 817 jam
546 733 716 800 Ecclesiae
737 735 898 814 membre,
921 735 1098 800 viventium
1121 757 1182 816 ope
1204 745 1256 798 at-

159 861 223 924 que
244 838 389 917 auxilio,
412 837 454 902 ad
475 838 576 902 vitam
597 851 751 904 revocata
772 849 864 918 sunt,
896 850 930 904 et
951 850 1108 921 martyres
1129 837 1257 924 gratili-

161 946 322 1011 uetitum
343 943 396 1020 iis,
420 943 474 1024 qui
496 940 594 1006 iidem
610 955 821 1029 negaverunt,
843 945 1031 1030 ingentique
1042 940 1160 1028 gaudio
1176 938 1255 1004 Mo·

159 1055 212 1113 les·
230 1047 399 1132 saqum
418 1043 518 1130 Virgo
539 1043 694 1112 Ecclesia
716 1047 878 1114 cumulata
900 1059 961 1125 est,
984 1067 1056 1112 cum
1078 1065 1153 1124 eos,
1176 1069 1257 1128 qnos

161 1165 312 1236 tanquam
335 1151 517 1244 exstinctos
539 1150 655 1216 abortu
677 1153 838 1236 ejecerat,
868 1154 960 1217 sivos
978 1153 1049 1236 jam
1071 1171 1110 1215 ec
1130 1151 1256 1234 spirau-

161 1268 212 1323 tes
232 1255 464 1336 recuperaret“
483 1297 492 1317 .
513 1299 551 1317 ..

248 1356 279 1442 §-
301 1365 411 1434 2600
454 1356 680 1442 „Rescriptum
702 1371 755 1424 est
775 1381 797 1426 a
819 1358 979 1438 Caesare,
1007 1371 1043 1424 ut
1063 1358 1258 1426 confitentes

161 1463 291 1548 quidem
312 1460 422 1547 gladio
444 1461 674 1538 caederentut;
697 1463 732 1528 hi
754 1485 851 1543 veto,
874 1467 928 1547 qui
951 1477 1127 1549 negarent,
1149 1463 1257 1530 dimit·

162 1573 307 1662 lersptnr
329 1564 519 1632 incolumes.
563 1567 701 1634 luennto
723 1569 819 1654 igitur
841 1567 984 1632 solemni
1001 1567 1086 1650 apud
1099 1589 1160 1632 uos
1173 1571 1257 1632 urer-

161 1663 255 1756 cetu,
278 1673 332 1756 qui
354 1673 500 1739 maxima
522 1669 688 1738 hominum
710 1673 893 1757 frequentia
915 1671 1115 1752 celebratur,
1145 1685 1257 1755 utpote

162 1800 209 1846 stt
231 1773 380 1844 omnihus
408 1775 536 1858 populis
558 1799 596 1841 ae
617 1779 790 1860 provinciis
812 1797 852 1842 eo
881 1778 1095 1842 conveniente
1117 1781 1259 1841 virorum

161 1880 383 1955 multitudiu03
412 1899 546 1962 praeses
567 1880 773 1946 beatissimos
795 1891 953 1962 martyres
974 1880 1015 1944 ed
1036 1879 1179 1945 tribunal
1201 1882 1260 1946 ad·

163 1987 360 2070 duoijmstt,
383 1996 535 2070 tanquam
557 1988 591 2050 in
614 1983 767 2050 theatrali
789 2005 906 2068 pompa
928 2005 985 2048 eos
1006 1981 1124 2066 popnlo
1148 1995 1260 2048 osteu-

14 2073 19 2092 ⁸
94 2173 97 2182 .
163 2104 246 2158 taut·
292 2087 438 2172 Cumque
460 2088 537 2154 illos
558 2090 664 2156 denuo
686 2093 937 2176 interrogasset,
968 2091 1147 2172 quicunque
1170 2091 1260 2154 cives

163 2196 302 2266 Romani
324 2195 445 2274 reperti
467 2207 559 2274 snut,
589 2196 693 2277 capite
716 2195 871 2271 monasti,
901 2191 1018 2276 reliqui
1047 2192 1154 2258 traditi
1184 2209 1262 2259 suut

163 2299 286 2364 bestiis·
313 2297 486 2363 ·Ceternm
510 2300 632 2384 'ingens
659 2297 765 2384 gloria
794 2301 930 2362 accessit
953 2295 1082 2362 Christo
1110 2319 1168 2380 per
1190 2321 1261 2378 eos,

163 2406 218 2488 qni
240 2405 327 2488 prius
349 2401 478 2486 quidem
492 2414 702 2488 negaverant,
726 2415 801 2466 tunc
815 2423 893 2466 varo
909 2402 1144 2486 eopfitcbnntur
1159 2401 1260 2468 fidam

164 2507 288 2576 Christi
309 2519 438 2590 praetor
465 2527 554 2589 spem
578 2521 673 2590 atque
696 2509 975 2590 exspectationem
1001 2505 1260 2592 gentilium...

165 2611 355 2696 llequihns
377 2631 449 2676 cum
471 2613 617 2694 quaestio
640 2609 830 2689 haberetur,
858 2611 1105 2675 Alexander
1132 2609 1261 2694 quidam

164 2718 298 2784 natione
320 2714 452 2798 Phryx,
481 2715 682 2798 professione
712 2715 874 2794 medicus,
905 2717 958 2798 qui
980 2714 1089 2798 plnres
1107 2717 1178 2798 jesu
1200 2735 1262 2779 au·

165 2823 226 2891 nhc
247 2833 390 2886 moratus
411 2819 518 2884 luerat
539 2822 572 2884 iu
596 2820 736 2899 Galliis?
759 2823 809 2884 vir
831 2815 981 2884 omuibus
1008 2821 1196 2885 uotimimus
1218 2818 1262 2882 oh

165 2945 308 2992 amorem
330 2923 397 2990 Dei
426 2937 460 2988 et
487 2926 643 2990 eximiam
669 2928 704 2989 iu
733 2924 950 3008 praedicanda
981 2923 1045 3015 lide
1074 2923 1263 2989 libertatem

100 3067 104 3078 ι
165 3033 296 3116 (qnippe
318 3027 525 3113 Apostolieee
546 3031 675 3115 gratiam
696 3031 830 3094 minime
853 3028 1078 3111 expers‘erst)
1107 3027 1264 3093 tribunali

166 3139 335 3213 assistens,
357 3154 430 3198 cnm
451 3119 528 3198 illos
549 3133 591 3198 ad
611 3133 686 3198 fidei
709 3135 947 3200 confessionem
969 3133 1098 3198 uutihns
1113 3132 1264 3198 hortare-

166 3254 228 3320 tur,
251 3240 386 3316 eunctis,
409 3238 462 3320 qui
485 3237 626 3302 tribuual
641 3238 892 3318 circumdabunt,
914 3251 1067 3322 tanquam
1080 3239 1265 3320 parturiens

82 3414 87 3438 Ι
165 3349 226 3428 (so.
248 3363 423 3426 procreans
445 3342 487 3406 ad
508 3341 607 3408 fidens
629 3343 730 3425 filios)
758 3340 939 3408 videbatur.
983 3343 1028 3408 At
1054 3341 1170 3428 vulgus
1192 3339 1264 3406 mh·

165 3449 251 3520 leste
280 3446 408 3526 ferens,
440 3447 538 3530 quod,
562 3451 616 3532 qui
639 3461 736 3512 autea
756 3445 858 3512 fidem
879 3461 1095 3534 negaverant,
1124 3449 1265 3514 eaodem

164 3555 207 3620 do
236 3555 363 3638 integro
394 3551 642 3631 confiterentur,
672 3551 825 3618 adsersus
854 3551 1079 3618 Alexandrum
1109 3565 1266 3636 tanquam

104 3714 108 3730 .
167 3657 265 3741 hules
285 3657 440 3722 facinoris
462 3671 628 3723 auctorent
650 3655 853 3722 conclamare
867 3659 983 3741 coepit.
1028 3655 1159 3723 lustuns
1173 3657 1266 3722 illico

168 3783 300 3846 praeses
328 3763 541 3848 interrogavit
569 3762 752 3841 homiuem,
782 3763 928 3846 quisnam
956 3775 1053 3826 esset.
1098 3761 1164 3839 Qut
1192 3785 1267 3827 cnm

170 3864 391 3934 Christianum
413 3889 450 3930 se
473 3889 546 3932 esse
567 3869 717 3944 dixisset,
739 3868 841 3930 iratus
858 3867 965 3950 judex
988 3887 1061 3932 euru
1084 3865 1126 3930 ad
1140 3865 1267 3932 bestias

169 3971 344 4036 damnavit.
388 3970 581 4036 Postridie
570 3975 669 4059 egitur
690 3991 829 4036 unaoutu
851 3969 1024 4034 Attalo
1015 3993 1180 4058 regressus
1204 3984 1266 4036 est.

170 4073 252 4142 Nam
275 4088 309 4140 et
330 4075 416 4142 hune
437 4097 587 4160 praeses,
616 4074 793 4163 gratificati
822 4075 939 4159 populo
968 4075 1120 4155 studens,
1149 4075 1267 4141 hestiis

171 4201 297 4244 rursum
314 4153 500 4246 tradiderat.
545 4181 649 4248 Ambo
672 4181 781 4267 igitur,
804 4201 876 4244 eum
899 4182 1010 4246 omnia
1031 4191 1265 4244 tormentorum

170 4301 311 4371 genere,
340 4307 421 4370 quae
452 4286 643 4352 adsersus·
634 4307 722 4369 upsos
750 4287 936 4372 excogitate
963 4287 1107 4364 luerem,
1137 4287 1172 4350 iu
1195 4305 1265 4350 eru·
