2614 4790
537 387 746 410 ...ιιι-..Δ-

498 535 526 578 c.
560 511 789 584 Editionea

183 660 212 745 §.
236 665 334 740 1⁹4.
369 653 515 722 Libros
538 663 622 719 trec
645 655 698 722 ad
718 655 958 740 Autolycum
971 679 1108 723 unacum
1129 657 1194 723 Ta-

95 764 181 829 tiara
209 761 363 826 Oratione
391 771 424 823 et
446 757 581 824 Antonii
601 759 760 826 Melitene
788 784 827 826 ao
855 759 1002 828 Maniai
1027 759 1197 827 sententiis
1242 826 1247 834 ,

39 886 43 896 ’
96 875 145 940 {ut
174 889 270 952 supra
296 867 436 930 diximus
459 863 487 948 6.
513 863 603 948 169.)
631 867 751 948 primus
778 887 898 952 graece
921 887 966 932 ex
988 857 1123 931 Arlenii
1139 890 1195 933 co·

44 1041 50 1054 ,
95 975 165 1039 dice
188 985 321 1056 msspto,
345 991 437 1054 quem
451 965 603 1033 Venetiis
618 968 760 1034 loannes
780 965 944 1036 Frisios
967 969 1195 1056 descripserat,

97 1079 197 1144 edidit
229 1073 322 1140 Conr.
357 1073 572 1152 Gauranos,
603 1071 719 1160 Tigmi
749 1081 844 1140 1546.
875 1075 899 1139 1.
944 1073 1067 1139 Ibidem
1097 1089 1194 1162 atquc

97 1183 210 1250 eodem
234 1202 320 1245 anno
343 1177 462 1262 prodiit
483 1177 590 1242 latina
611 1177 709 1262 hujus
732 1181 838 1264 operis
854 1181 1079 1264 interpretatio
1099 1180 1193 1246 Cone.

98 1285 305 1363 Cluacari,
337 1303 420 1366 quac
444 1294 478 1346 et
498 1285 532 1346 in
554 1284 662 1347 varias
686 1281 803 1347 deinde
825 1281 1042 1349 bibliothecas
1063 1283 1195 1350 Petrum

96 1391 246 1469 Parisiis,
271 1385 432 1466 Coloniae,
456 1385 610 1474 lngdani
632 1385 736 1452 editas
758 1399 890 1472 recepta
913 1401 972 1454 est.
1022 1387 1195 1478 Graecenet

5 1547 8 1565 ,
96 1497 200 1563 latiae
231 1493 308 1558 editi
339 1494 469 1556 suntin
492 1489 541 1555 Jo.
565 1486 1052 1580 Herttttonhotoxographis
1075 1491 1195 1577 (Basil.

68 1607 193 1688 4555.
224 1599 262 1678 f.)
292 1623 323 1680 p.
354 1603 417 1661 285
448 1620 534 1680 sqq„
565 1617 626 1660 nec
656 1616 722 1659 non
753 1595 854 1660 additi
877 1594 1042 1681 Operibus'
1061 1597 1195 1678 tusani,

97 1703 230 1771 Tatiani
254 1715 335 1779 etc,
366 1722 447 1784 quae
470 1701 572 1766 Paris.
600 1703 693 1765 1615.
716 1699 759 1778 1.,
789 1699 868 1764 ibid.
894 1703 1050 1784 16361,
1075 1699 1195 1768 Calon.

96 1813 173 1894 (imo
195 1803 413 1892 Vitembarg.)
438 1811 532 1870 1686.
555 1805 578 1871 1.
602 1803 754 1891 evulgata
776 1820 850 1870 sunt
872 1805 972 1892 (11.6.
992 1808 1091 1882 140.).
1130 1805 1195 1872 Ηίι

95 1935 195 1996 usque
230 1909 333 1976 adhue
365 1911 536 1974 recensitis
569 1909 670 1974 multo
702 1911 901 1976 emendatior
930 1911 1029 1976 editio
1061 1933 1101 1976 ea
1132 1923 1195 1992 est,

1 2011 2 2018 '
96 2013 262 2102 quamdo.
286 2007 498 2100 Fellasgr.
530 2027 562 2077 et
582 2013 641 2079 lat.
668 2011 788 2079 Ononii
811 2019 905 2080 1684.
936 2021 988 2080 12.
1020 2017 1104 2100 typis
1133 2017 1193 2078 im·
1224 2004 1227 2015 ¹

94 2119 295 2206 primandam
324 2119 458 2183 curavit.
504 2117 570 2183 Sed
590 2109 677 2184 ¹bane
699 2121 803 2202 ipsam
824 2120 992 2202 postmodo
1015 2119 1114 2206 longe
1137 2141 1194 2186 su-

95 2227 220 2311 peravit
242 2221 325 2301 alia,
355 2244 437 2306 quaa
460 2222 566 2287 studio
588 2222 638 2286 Jo.
664 2221 762 2306 capt.
792 2219 954 2305 Wolfii,
985 2223 1101 2288 additis
1123 2225 1194 2288 anis

95 2325 346 2412 variisqueDD.
362 2325 435 2392 VV.
451 2321 590 2408 Dacuei,
612 2323 709 2405 teta,
732 2325 920 2406 Kortholdi,
948 2325 1075 2406 Gradii,
1097 2323 1192 2391 Had-

1 2474 2 2478 =
95 2435 192 2512 eonii,
214 2431 366 2510 Davisii,
390 2431 529 2498 Kasteri
551 2441 611 2496 etc.
642 2429 922 2496 observationibus
950 2431 1070 2516 prodiit
1090 2427 1192 2497 Hana-

94 2537 191 2624 hargi
218 2543 313 2604 1724.
345 2544 376 2602 8.
428 2533 553 2603 Novam
580 2535 677 2620 hujus
707 2527 814 2618 operis
842 2537 977 2602 latinam
1005 2538 1192 2603 versionem

94 2643 248 2720 confecit,
277 2639 459 2728 fragmenta
482 2661 614 2723 operum
638 2639 784 2724 ejusdem
807 2639 983 2728 Theophili
1006 2641 1190 2727 deperdito-

92 2767 163 2814 tum
192 2745 361 2831 subjunxit
391 2759 425 2810 et
454 2747 501 2810 sic
531 2767 609 2828 opus
638 2747 705 2810 suis
734 2759 767 2810 et
795 2745 931 2812 aliorum
959 2749 1079 2830 passim
1101 2747 1191 2812 natis

92 2857 279 2920 instructum
301 2872 437 2916 unacum
458 2847 594 2927 laetiori,
628 2847 777 2928 Tuticani,
799 2848 1028 2938 Athenagorae
1050 2859 1082 2916 et
1103 2849 1190 2916 ller-

61 2985 67 3020 ι
93 2955 175 3022 caiae
195 2955 289 3022 libris
310 2979 374 3020 uno
391 2969 476 3019 torno
494 2955 599 3020 emisit
612 2953 713 3019 Prad.
737 2953 942 3035 Maroneae,
967 2955 1073 3021 Paria
1091 2961 1189 3023 1742.

92 3063 135 3142 1.,
163 3066 266 3128 minus
293 3057 450 3147 castigati
476 3081 623 3124 recusum
652 3057 792 3125 Venetiie
815 3067 910 3130 1747.
932 3061 955 3128 f.
1001 3061 1189 3130 1161111111-

92 3165 163 3251 plar
192 3165 288 3250 hujus
323 3167 474 3232 editionis
503 3161 682 3228 Mantiane
712 3167 839 3232 omissis
871 3179 978 3231 tamen
1014 3168 1098 3231 notis
1127 3165 1189 3228 im·

93 3275 195 3356 presai
217 3284 292 3337 sunt
308 3267 485 3352 Theophili
505 3267 580 3333 libri
601 3291 650 3356 gr.
675 3284 707 3335 et
728 3269 786 3336 lat.
815 3257 1136 3358 Wircedargittli·
1157 3273 1191 3334 8.

93 3377 237 3443 Eandem
253 3374 437 3439 Mantinon
456 3371 631 3438 editionem
653 3373 806 3442 adhibitis
830 3387 863 3440 et
884 3377 1075 3460 comparatis
1091 3377 1191 3441 etiam

94 3475 248 3545 Felliana
271 3492 304 3543 ct
334 3473 497 3555 Wolfinna
519 3477 716 3544 editionibus
737 3493 866 3545 secutus
889 3494 939 3546 est
960 3479 1066 3546 Aoede.
1093 3475 1190 3544 (tat-

93 3585 262 3652 landino
282 3587 316 3650 in
339 3607 399 3650 sna
420 3581 627 3650 Bibliotheca
649 3583 790 3664 Petrum,
814 3581 856 3650 T.
882 3583 925 3650 11.

482 3811 532 3900 G.
569 3809 797 3900 Doctrina.

485 4015 517 4080 1.
554 4003 795 4098 Dogmatica.

336 4181 368 4222 a.
401 4158 459 4224 De
479 4181 576 4224 cera
597 4156 677 4222 Dei
699 4157 940 4245 cognitione.

178 4279 209 4364 6.
233 4285 329 4356 1950
374 4279 409 4345 S.
430 4275 634 4364 Theophilus
656 4280 697 4346 de
720 4300 817 4344 rama
839 4275 1065 4362 Scriptura
1087 4277 1191 4366 leuga
