2724 4796
580 265 789 378 A

135 487 327 571 praesertim
360 499 471 554 suetos
506 497 575 551 tota
611 485 805 552 tractatione
841 483 1076 552 Antichristum
1105 481 1230 586 Christo

134 603 286 676 opponat.

431 853 459 916 h)
477 854 669 928 Argumentum
686 851 747 906 libri
764 855 790 904 et
807 849 931 922 snsiysis.

219 1011 371 1098 §.m
411 1009 453 1075 S.
476 1007 670 1095 Hippolytus
702 1005 821 1073 librum
849 1004 903 1072 De
927 1003 1063 1105 Christo·
1081 1019 1116 1072 et
1136 1008 1232 1076 Anti·

111 1116 252 1184 chrima
283 1113 462 1200 composuit
491 1115 664 1180 occasione
694 1111 864 1195 colloquii,
899 1113 986 1196 quod
1014 1112 1129 1178 habuit
1157 1134 1232 1212 crpus
1352 1147 1353 1156 ι

132 1219 271 1306 quodum
298 1216 485 1302 theophilo,
507 1221 559 1284 cui
579 1217 674 1284 illum
694 1218 830 1295 dicavit,
853 1232 1012 1300 quemque
1034 1216 1233 1282 romanas
1264 1207 1271 1224 ⁸

124 1323 271 1410 fratrem
299 1343 387 1388 mass
420 1323 585 1407 appellet,
620 1335 715 1406 atque
748 1333 881 1400 monet,
917 1343 959 1386 ne
992 1326 1146 1406 scriptum
1167 1321 1233 1388 hoc

130 1451 224 1496 snum
246 1431 461 1492 communicet
488 1424 560 1492 cum
581 1426 788 1504 infidelibus,
818 1425 933 1509 quihus
963 1426 1046 1492 nihil
1068 1427 1158 1492 cordi
1180 1439 1234 1492 est

130 1531 220 1601 aliod
243 1533 306 1597 nisi
336 1535 508 1598 veritatem
530 1531 694 1597 lacessere
717 1530 946 1616 blasphemiis3
976 1533 1036 1598 sad
1056 1545 1092 1598 ut
1114 1532 1147 1598 id
1169 1535 1232 1617 piis

131 1649 254 1704 tantum
275 1635 461 1702 hominihus
483 1635 653 1721 Deumque
683 1637 872 1702 timentibus
902 1651 936 1702 et
968 1639 1173 1702 sanctitatem
1197 1649 1233 1702 et

99 1765 102 1776 ¹
125 1741 288 1826 justitiam
317 1740 500 1806 colentibus
529 1741 685 1826 praebeat
720 1741 892 1828 legendnm
929 1745 972 1826 (c.
1004 1744 1061 1823 t.).
1121 1741 1231 1810 Pano

129 1857 238 1910 antem
261 1845 404 1912 adduas
426 1848 631 1928 quaestiones
651 1843 836 1930 Theophilo
858 1841 1230 1938 respondet,‘quomods

129 1969 246 2030 nempe
268 1947 333 2014 Dei
355 1947 501 2014 Verbum
531 1963 607 2014 ante
640 1953 898 2044 incarnationem
928 1975 965 2028 se
988 1951 1155 2035 Prophetis
1176 1973 1251 2016 re·-

129 2053 299 2135 velarerit,
322 2067 356 2119 et
377 2055 536 2140 quomodo
559 2056 645 2120 idem
667 2055 779 2143 Logos
801 2079 859 2146 per
885 2057 1142 2148 internetionem
1164 2053 1231 2122 Dei

125 2157 250 2224 aeroas
265 2161 296 2242 ¹)
319 2159 423 2226 iactus
445 2161 489 2224 sit
510 2161 552 2243 (c.
576 2162 707 2242 iud).
753 2161 917 2245 Expedite
939 2162 1002 2227 hoc
1026 2161 1163 2227 exordio
1186 2160 1228 2226 ad

13 2277 16 2280 '
128 2263 308 2348 subjectam
330 2257 693 2350 materiam'procadit‚
729 2277 762 2328 et
790 2268 890 2330 totius
919 2269 1025 2348 operis
1055 2287 1228 2350 argomen-

128 2381 196 2434 tum
225 2370 394 2452 proponit,
424 2371 536 2437 dicens
565 2391 602 2435 se
625 2371 853 2450 disserturum,
886 2374 958 2455 quis
986 2373 1030 2436 sit
1059 2381 1092 2434 st
1121 2369 1228 2452 qualis
1352 2401 1353 2410 ι

128 2472 324 2538 metasse·
345 2474 510 2551 adversius,
533 2497 596 2557 quo
619 2487 762 2558 tempore
785 2485 819 2538 et
840 2475 925 2539 uude
947 2477 1149 2558 appariturus
1170 2475 1228 2554 sit,

130 2578 289 2662 quodnam
317 2581 574 2662 ipsiusmet,
608 2577 714 2661 qualis
736 2581 807 2664 ejus
837 2577 1011 2642 dominatio
1032 2591 1066 2642 et
1088 2576 1226 2642 Sancto·

126 2703 199 2748 ram
220 2685 421 2767 persecutio,
444 2685 514 2766 quis
537 2683 608 2766 ejus
637 2703 695 2766 per
722 2684 894 2748 adveutum
918 2681 1041 2747 Christi
1061 2682 1225 2761 interitus,

128 2809 211 2872 quae
232 2787 378 2854 universi
391 2785 488 2852 'orbis
510 2787 739 2873 conflagratio.
784 2788 821 2854 lo
842 2788 906 2874 hac
928 2801 997 2853 tota
1013 2788 1225 2870 dispositione

127 2913 257 2976 semper
287 2890 452 2958 Christum
479 2894 614 2978 opponit
642 2891 861 2972 Antichristo,
898 2905 932 2956 et
960 2891 1226 2975 quemadmodum

129 2995 278 3063 Christus
301 3017 346 3062 ex
369 2997 454 3062 tribu
476 2995 561 3062 Juda
583 2987 770 3077 natusest,
800 2999 845 3062 ite
875 3017 920 3062 ex
942 2995 1027 3061 tribu
1049 2995 1126 3062 Dan
1148 3019 1226 3064 nas·

128 3113 218 3168 cetur
239 3099 467 3170 Antichristus.
519 3099 640 3168 Omnia
667 3121 766 3180 raro,
796 3122 878 3184 quae
908 3101 1063 3192 deinceps
1090 3101 1225 3185 profert,

128 3227 175 3272 ex
196 3209 391 3272 testimoniis
413 3205 647 3290 Prophetarum
668 3204 817 3283 desudas,
841 3202 1042 3284 Ezechielis,
1076 3203 1224 3286 aliems,

21 3339 25 3356 ι
126 3313 298 3400 praecipue
322 3333 341 3375 e
362 3312 542 3378 visionibus
569 3309 726 3376 Danielis
754 3323 787 3375 et
814 3308 950 3375 Joomris
970 3307 1119 3394 Apostoli
1147 3333 1224 3396 epo·

128 3413 250 3502 'eclypsi
273 3415 452 3496 declarare,
476 3429 509 3480 et
531 3438 603 3481 cum
625 3418 678 3496 iis,
701 3437 783 3499 quae
805 3437 905 3498 nsque
922 3415 1026 3480 adhuc
1044 3416 1117 3500 jam
1139 3415 1225 3482 iacta

127 3521 277 3600 inerant,
311 3533 347 3585 ut
374 3519 466 3586 dictis
496 3523 562 3587 sois
591 3519 689 3584 fidem
719 3518 840 3600 saciat,
874 3541 1068 3604 componere
1090 3531 1224 3586 conatur

127 3627 171 3708 (c.
195 3627 350 3718 5742).
394 3625 473 3693 Post
494 3625 576 3692 haec
599 3624 798 3703 accuratius,
829 3643 888 3709 quo
910 3631 1049 3710 tempore
1070 3635 1225 3691 venturos

101 3731 171 3796 'sit
191 3727 410 3798 Antichristus
432 3731 564 3812 definit,
598 3749 714 3814 nempe
743 3731 777 3792 in
806 3727 921 3795 ultima
950 3727 992 3794 de
1020 3731 1225 3818 septuaginta

95 3853 98 3864 “
1143 3864 1148 3904 ι

126 3949 330 3966 W

198 4101 226 4159 1)
238 4099 333 4177 Παῖς,
356 4100 405 4152 etsi
423 4114 545 4169 graecam
564 4111 654 4150 voosnr
676 4095 734 4150 sire
757 4111 805 4167 pro
829 4093 923 4160 Filio,
947 4097 1005 4150 sire
1027 4095 1114 4167 (quod
1131 4097 1225 4152 arelius

126 4185 240 4238 tortam
257 4186 393 4256 congruit)
411 4201 459 4253 pro
477 4181 570 4236 sm
586 4183 714 4254 accipias,
740 4183 782 4236 hic
799 4187 870 4236 certe
888 4183 926 4235 its
942 4182 1115 4274 inteiligitnr,
1132 4185 1162 4237 ut
1178 4183 1224 4238 sii
1352 4179 1353 4190 ¹

64 4290 69 4310 s
127 4269 191 4343 quid
207 4271 413 4344 imperfectionis
430 4277 457 4324 et
475 4271 550 4340 qussi
567 4269 772 4338 tosmoritatte
789 4270 918 4341 importet.
