2686 4794
453 345 458 364 ·
573 315 704 384 301*

751 449 766 486 e
783 447 789 472 t
980 483 986 498 ,

83 531 245 616 phitheatro
268 505 515 614 percurrissem,
538 531 669 596 tandem
690 530 797 619 gladio
820 534 964 615 pereunti
986 545 1070 598 aaut.
1115 534 1159 600 Er
1262 589 1265 600 ,

84 637 253 704 Alexander
282 637 409 720 quidem
431 659 492 702 nee
520 639 678 725 ingemuit
699 657 858 719 unquam,
887 657 949 702 neo
970 658 1085 702 vocem
1105 637 1157 704 ul-

84 742 136 807 lam
158 741 303 827 protulit,
333 742 392 806 aad
413 744 549 808 interius
576 754 687 808 mente
708 743 743 807 in
766 763 802 806 ae
825 739 965 806 collecta
991 741 1158 827 colloque-

84 847 158 911 batur
183 869 254 912 curn
284 845 372 912 Deo.
422 847 550 914 Attalus
579 855 676 926 vero,
707 867 779 911 cum
807 848 841 910 in
869 843 976 911 ferrea
1002 846 1160 913 cathedra

86 950 238 1016 callemus
260 935 403 1036 nouique
425 963 614 1031 torreretur,
638 963 671 1016 et
685 950 868 1016 ambustum
882 971 996 1034 corpur
1012 950 1159 1018 nidorem

88 1057 286 1139 pachimum
300 1056 486 1137 exhalaret,
508 1057 610 1122 latino
633 1077 783 1122 sermone
806 1056 959 1140 populum
981 1055 1159 1122 allocutor:
1217 1085 1222 1096 ¹

89 1155 145 1236 llo,
167 1163 285 1244 iuquit,
301 1159 373 1224 too
394 1161 516 1225 rlemom
537 1169 586 1236 ert
605 1155 751 1226 'lomim
771 1182 903 1242 vorare,
933 1157 1016 1248 quod
1043 1159 1158 1246 agilia.

86 1255 138 1325 Not
153 1283 223 1327 cero
243 1259 349 1350 oeque
368 1263 505 1330 inminet
525 1263 687 1346 eorumne,
716 1271 817 1352 oeque
843 1264 966 1329 amerino
989 1265 1160 1350 quidquam
1195 1273 1200 1284 “

84 1365 146 1429 noli
158 1365 312 1448 fuciunt.
356 1352 576 1456 iuterrogatus
599 1373 709 1450 etiam,
733 1371 818 1454 quod
838 1391 956 1434 nomen
970 1369 1037 1435 Dei
1056 1383 1162 1435 esset:

86 1467 171 1550 Dent,
190 1475 305 1556 inquit,
327 1493 437 1567 nomen
456 1495 519 1543 aaa
539 1473 635 1538 lohet
650 1475 792 1558 perinde
812 1497 854 1539 oc
874 1493 932 1538 nor
951 1473 1140 1540 κοιτὼν*
1180 1544 1183 1558 ,

152 1576 179 1662 i·
200 1579 305 1654 8800
350 1570 534 1658 „l'oat'hoa
556 1601 679 1658 omues,
701 1579 817 1646 ultimo
839 1580 1159 1664 tondemspectacu-

86 1679 167 1746 lorum
187 1683 251 1768 lie,
275 1681 489 1748 Blandiana
509 1703 620 1750 rurant
640 1683 736 1748 illata
758 1697 809 1748 est
829 1705 968 1750 unacum
991 1683 1161 1749 Pontico
1227 1723 1232 1740 .

86 1786 271 1852 adolescente
296 1787 478 1871 quindecim
500 1791 628 1855 circiter
650 1812 753 1856 annos
776 1803 870 1865 nato;
893 1793 946 1875 qui
966 1792 1063 1856 etiam
1080 1811 1159 1874 quo·

87 1893 147 1956 tilia
167 1906 261 1958 autea
284 1892 460 1958 introducti
481 1893 630 1975 fueraut,
651 1907 687 1958 nt
709 1893 905 1978 reliquorum
927 1897 1086 1960 cruciatae
1108 1897 1158 1960 iu·

86 2011 238 2062 tuerentur.
285 1996 463 2081 Adactiqne
484 2021 542 2082 per
563 1997 736 2064 simulacra
757 1999 927 2085 gentilium
952 2001 1066 2083 jurare
1087 2020 1160 2064 cnm

88 2102 112 2164 in
130 2107 284 2186 pmpoaito
308 2113 494 2168 constantes
516 2115 761 2188 permanerent,
791 2103 933 2188 deosque
955 2102 1086 2168 illorum
1108 2105 1159 2168 ui·

88 2203 132 2268 tili
150 2206 311 2286 iacerent,
341 2219 450 2272 tantun
471 2210 509 2273 in
529 2226 586 2274 eoa
609 2209 736 2274 exarsit
757 2207 968 2274 multitudinis
989 2208 1095 2287 furor,
1124 2219 1161 2271 ut

89 2329 133 2374 nec
152 2325 290 2377 aetatem
312 2313 403 2394 paeri
425 2313 672 2394 miserarentur,
701 2335 761 2378 nec
784 2311 929 2378 mulieris
949 2333 1069 2377 sexum
1091 2311 1160 2376 nlla

87 2428 333 2500 prosequerentur
360 2417 556 2482 reverentia.
600 2417 734 2484 Cunctis
754 2412 860 2504 'igitur
887 2415 1080 2482 aromatibus
1103 2437 1161 2481 eea

88 2537 188 2584 vexare
209 2543 247 2586 ac
269 2517 459 2605 peremnia
480 2541 657 2606 poenarum
686 2545 810 2609 genera
838 2525 1056 2608 circumagere
1084 2539 1161 2586 coe-

38 2707 39 2710 *
89 2637 189 2704 perant,
206 2627 321 2709 jurare
342 2623 419 2692 illos
437 2625 573 2692 subinde
587 2625 831 2710 compellentes.
866 2623 1037 2710 Nunquam
1050 2638 1159 2690 tamen

89 2725 121 2803 ll,
140 2729 216 2810 quod
236 2729 405 2810 volebant,
427 2730 582 2816 perficere
604 2731 785 2797 valuerunt.
828 2727 911 2796 Nam
925 2731 1076 2796 Ponticus
1090 2733 1160 2814 qui·

89 2825 160 2908 (lem,
179 2837 300 2900 auroris
323 2833 604 2900 exhortationibus
626 2839 788 2916 incitatus,
808 2881 817 2900 .
836 2881 846 2900 .
868 2841 983 2900 cunctt‘r
1004 2834 1180 2919 supplicia,

88 2953 225 3015 goueroae
245 2959 419 3030 perpessus
441 2941 582 3004 animam
605 2939 785 3006 exhalavit.
830 2939 936 3006 Beata
957 2963 1035 3006 vero
1058 2937 1161 3005 Blan·
1217 2953 1222 2962 ’

88 3035 147 3103 lina
166 3047 306 3108 omnium
328 3055 504 3126 postremo,
526 3033 821 3128 tauqoomnobilia
836 3058 952 3124 mater,
972 3045 1058 3129 ‘quae
1074 3042 1162 3108 filice

90 3141 121 3204 acl
138 3143 257 3210 fortiter
280 3147 468 3214 certandum
485 3149 678 3217 accenderat
690 3164 723 3214 et
735 3151 778 3216 acl
789 3173 900 3236 regem
914 3151 1054 3215 victores
1066 3167 1162 3232 prae·
1180 3191 1183 3196 ,

89 3249 212 3330 miserat,
234 3251 367 3316 eoadem
390 3255 603 3317 certaminum
625 3275 749 3334 curans,
771 3277 851 3338 quoa
864 3253 927 3319 filii
943 3253 1163 3330 coniecerant,

90 3353 243 3420 remetiens
274 3355 316 3421 etl
339 3357 469 3422 eoadem
490 3359 540 3422 ire
562 3357 773 3441 properabat,
801 3357 843 3421 de
871 3359 964 3424 exitu
993 3379 1052 3422 ruo
1073 3355 1163 3420 laeta

90 3465 166 3536 etque
187 3457 373 3540 exsultans,
403 3445 534 3544 prorsus
557 3464 650 3546 quani
671 3463 714 3528 ad
735 3462 879 3546 nuptiale
907 3465 1089 3526 convivium
1111 3463 1163 3525 iu·

90 3557 185 3640 utam,
211 3585 276 3629 uon
306 3564 422 3630 bestiis
452 3568 602 3649 expoaitn
629 3577 727 3631 eaeet.
771 3565 922 3650 Denique
949 3579 1022 3652 post
1049 3565 1163 3652 flagra,

91 3677 147 3738 pont
169 3665 306 3734 ferarum
333 3667 577 3754 vellicationep,
607 3683 680 3753 pont
707 3673 924 3757 sartaginem,
952 3671 1090 3755 reticulo
1111 3673 1163 3750 ine

91 3761 163 3832 tlara
183 3784 274 3838 tauro
297 3773 428 3858 objecta
450 3783 523 3840 eno
555 3774 669 3857 Aque
692 3775 747 3840 diu
768 3778 802 3842 in
825 3775 926 3842 altum
944 3776 1085 3862 jactata,
1112 3775 1163 3838 ui·

92 3863 127 3932 hil
148 3873 212 3957 J'am
242 3899 371 3956 eorum,
403 3901 485 3963 quae
514 3877 654 3959 fiebant,
687 3882 815 3964 penitus
845 3881 992 3946 centiens
1024 3892 1092 3944 tum
1121 3877 1164 3943 ob

92 3991 164 4054 mem
185 3995 216 4045 et
229 3981 551 4071 comprehensionem
565 3998 688 4064 eorum,
712 4007 794 4068 qaae
807 3983 970 4067 eradebat,
992 3985 1164 4064 bonorum,

93 4085 144 4142 tam
165 4081 202 4147 ob
223 4085 417 4153 familiarem
439 4095 659 4175 congressum,
678 4111 783 4174 quem
795 4111 867 4155 cum
882 4087 1014 4155 Christo
1036 4091 1072 4154 in
1091 4109 1167 4154 ora·
1218 4073 1221 4084 ’

93 4180 164 4248 liene
176 4186 325 4271 habebat,
347 4191 478 4257 tandem
501 4205 534 4258 et
555 4195 626 4276 ipra
647 4195 797 4258 victimae
819 4193 1083 4280 inatarjugulata
1098 4206 1167 4269 σοις

93 4281 156 4363 latit
175 4296 268 4362 etiam
289 4295 468 4384 gentilibus
488 4299 631 4386 ingenue
652 4297 845 4378 htautibua,
873 4295 998 4364 nnllam
1022 4315 1166 4382 unquam
