2704 4786
708 307 760 374 84

626 401 836 413 ——u-r-

542 553 546 562 ·
706 519 764 588 tv.

151 731 155 736 ,
188 653 225 727 S.
252 650 433 726 Prochori
453 647 548 722 Vita
574 661 614 722 et
639 647 826 723 miracula
844 647 886 722 B.
906 644 1069 722 loannis
1088 645 1267 746 Apostoli.

274 821 304 908 §-
327 827 424 898 1⁰3·
470 813 712 882 Prasiorum
744 815 903 904 quendam
925 818 1026 884 fuisse
1048 841 1148 884 ιιιιιιιιι
1169 839 1186 884 e
1206 841 1270 904 rep·

87 915 90 925 ’
188 936 249 992 terr
271 925 388 1010 primis
408 921 586 1004 Diaconir,
616 921 651 986 S.
676 920 840 1006 Scriptura
863 923 958 988 docet
979 923 1065 1007 (Act.
1089 924 1200 1007 Apost.
1220 923 1272 990 vl.

188 1037 246 1114 6.).
291 1030 413 1097 Auctor
435 1039 543 1092 autern
566 1025 721 1112 opusculi,
745 1027 800 1092 diu
823 1027 952 1111 quidem
974 1027 1033 1093 sed
1054 1051 1220 1112 perperorn
1241 1026 1273 1092 S.

188 1133 363 1220 Hippolyta
386 1133 542 1212 attributi,
566 1133 617 1196 cui
640 1129 769 1223 titulus:
800 1123 864 1217 De.
879 1131 1043 1196 duodecim
1068 1133 1275 1218 Apostottra

104 1247 108 1254 '
188 1237 395 1326 septuaginta
424 1235 613 1321 discipulis,
646 1235 784 1314 scribit,
803 1235 837 1300 S.
860 1235 1057 1302 Prochorunt
1086 1237 1183 1304 fidem
1211 1259 1276 1302 euro

188 1343 318 1410 filiabus
340 1346 407 1408 suis
420 1328 617 1426 ‘amplexura
634 1340 775 1426 primurn
795 1337 896 1422 siritu
918 1337 1130 1408 Nicomediae
1150 1340 1278 1429 Epulat-

127 1453 132 1462 '
184 1467 262 1534 para
279 1450 325 1530 ¹),·
362 1461 394 1512 et
422 1444 693 1533 Martyrolcgiuar
723 1445 897 1510 Romanum
930 1449 1066 1514 eundern
1097 1447 1151 1514 his
1179 1447 1280 1512 verbis

191 1565 435 1619 commemorat:
466 1549 502 1614 S.
526 1549 716 1629 Parcior-ur,
748 1551 804 1636 pai
817 1549 891 1633 sarit
911 1574 992 1617 aaut
1014 1554 1054 1617 de
1075 1561 1197 1639 reptent
1212 1551 1281 1638 pri·

190 1657 250 1721 mir
268 1643 424 1721 Maeonis
446 1661 477 1718 et
490 1653 565 1736 fide
587 1661 619 1718 el
639 1654 807 1718 miracolis
830 1655 950 1736 claras,
973 1658 1133 1740 martyrio
1156 1677 1283 1722 corona·

123 1767 126 1782 '
190 1769 243 1826 tar
266 1767 312 1824 erl
335 1760 388 1824 die
416 1781 495 1824 recreo
517 1758 646 1844 Aprilis
668 1763 733 1842 (ao.
757 1782 785 1824 c.
809 1761 888 1842 60.).
911 1797 955 1810 -
998 1760 1066 1827 Sub
1091 1762 1191 1848 hujus
1213 1761 1285 1829 Pro·

192 1866 281 1932 chori
304 1867 436 1930 nuntiae
457 1867 492 1929 in
507 1865 608 1928 variis
623 1864 753 1928 Patrurn
768 1861 982 1930 Bibliothecis
997 1869 1028 1948 ⁹)
1045 1879 1143 1932 extat
1166 1864 1287 1932 Liber

101 1975 104 1982 '
193 1971 238 2034 de
266 1969 353 2034 uita
383 1977 421 2032 et
449 1968 665 2033 miraculis
695 1965 730 2032 S.
760 1967 935 2044 Joarrar'r
964 1957 1201 2055 Aprrortolt'.⁸
1228 1969 1288 2034 Sed

195 2095 268 2141 euru
291 2075 422 2140 omnino
446 2073 683 2160 supposititiam
706 2095 778 2138 csse
800 2096 865 2139 uno
888 2075 957 2140 iere
981 2099 1095 2143 omnes
1119 2075 1196 2144 VV-
1215 2073 1289 2142 DI).

193 2201 352 2254 consensu
381 2177 556 2243 affirmant.
606 2177 671 2254 Qui
699 2201 794 2260 quarn
823 2193 911 2244 recte
932 2182 1180 2265 judicaverint,
1209 2180 1290 2245 haud

192 2284 341 2371 longiore
364 2306 443 2367 opns
467 2287 529 2347 erit
548 2283 835 2348 demonstratione.
878 2285 1000 2350 Auctor
1016 2289 1104 2352 enirn
1123 2289 1212 2372 (sive
1225 2309 1293 2352 rec·

193 2393 258 2454 tius
272 2389 434 2473 impostor)
458 2401 578 2467 narrat,
603 2387 762 2452 Joannem
781 2389 851 2472 jarn
874 2390 907 2452 in
930 2389 1066 2456 Pathum
1087 2393 1204 2458 insule
1227 2393 1293 2456 edi·

196 2495 282 2558 disse
304 2491 520 2579 Evangeliuru
542 2515 652 2567 suurn;
677 2492 815 2556 eundern
837 2483 1106 2580 ingemiscentem
1132 2497 1180 2562 ad
1197 2495 1296 2581 pedes

195 2597 419 2682 Apostolorum
442 2617 508 2661 rere
524 2597 718 2682 projecisse,
747 2605 779 2660 et
800 2604 928 2662 morters
951 2599 1030 2664 adea
1060 2599 1127 2665 ribi
1156 2601 1296 2665 muneris

195 2701 262 2765 loco
285 2699 364 2782 sore
392 2701 562 2766 asseruisse
582 2703 693 2786 prius,
725 2723 817 2787 perans
847 2703 1093 2794 meiresterrtanr
1123 2706 1163 2771 irs
1186 2705 1298 2772 Arion

195 2806 374 2890 trajiceret,
397 2815 432 2869 at
454 2804 502 2868 illi
517 2807 729 2888 praedicaret
744 2805 871 2871 ceriam
884 2807 952 2873 Dei
958 2833 969 2886 ,·
992 2793 1208 2879 Christianos
1225 2812 1299 2878 haia

196 2910 371 2996 Apostolo,
402 2933 472 2976 curn
504 2933 522 2975 e
553 2911 640 2977 dolio
671 2913 826 2977 ferventis
856 2912 922 2976 olei
944 2913 1080 2982 illaesus
1103 2919 1301 3001 prodiisset,

196 3015 361 3080 eccleciam
395 3019 617 3096 exstruxisse,
656 3021 788 3102 ejusque
824 3021 956 3082 nornine
993 3021 1213 3089 consecrasse
1251 3021 1304 3088 Ad

191 3131 322 3206 partam
350 3118 504 3200 latiarem
525 3121 694 3214 ¹ioannem
718 3136 751 3186 et
777 3127 880 3206 ipsam
902 3123 1099 3191 Proehorunr
1124 3129 1262 3195 Romae
1284 3149 1304 3190 a

197 3223 397 3288 dalrreatrs‘ce
419 3227 588 3292 conductor
610 3249 724 3310 operas
748 3230 778 3292 ei
807 3251 882 3294 suas
905 3227 1102 3310 collocasse,
1138 3247 1176 3299 ct
1202 3233 1306 3300 Ioan-

167 3317 171 3324 ’
199 3349 273 3393 nern
303 3327 428 3412 quidem
456 3330 557 3396 luisse
584 3335 789 3398 incensore'tn
810 3333 970 3412 fornacis,
993 3333 1200 3404 Prochorum
1227 3359 1308 3403 vero

199 3453 300 3518 equae
323 3433 498 3536 infusorem
522 3451 582 3500 etc.
627 3439 740 3524 Apage
763 3436 842 3501 mihi
863 3437 946 3502 tales
968 3442 1085 3526 augus!

272 3789 299 3851 1)
318 3785 349 3841 S.
369 3783 514 3855 Hippolpt.
539 3785 607 3858 Opp.
632 3787 674 3841 ed.
698 3785 826 3842 Fabricii
848 3787 1006 3862 (llamburg.
1034 3791 1190 3848 1716-18.
1218 3792 1258 3848 11.
1279 3793 1317 3859 s.)

202 3875 233 3930 u.
251 3875 272 3928 1.
291 3870 413 3944 lppead.
430 3891 456 3944 p.
475 3878 517 3926 tr.
535 3889 576 3925 ur.
595 3879 618 3927 8.

271 3979 303 4044 1)
321 3977 443 4034 Biblioth.
459 3975 509 4030 SS.
525 3977 579 4034 PP.
593 3975 721 4032 Parisios.
738 3981 827 4043 (1576.
845 3975 966 4042 villis.)
985 3980 1016 4034 Τ.
1026 3981 1062 4036 ll.
1078 3983 1127 4036 col.
1144 3988 1321 4050 teo-2³13

202 4063 344 4120 Coloniern.
364 4065 454 4128 (1618.
473 4063 532 4116 XV.
552 4063 584 4125 s.)
603 4063 634 4116 Τ.
655 4065 674 4117 1.
693 4083 717 4135 p.
736 4067 862 4132 linitis
881 4065 1054 4138 Laguatan.
1074 4067 1176 4132 (1677.
1188 4071 1324 4128 xxvu.

143 4175 147 4180 -
202 4153 234 4216 r.)
253 4153 285 4207 r.
303 4153 338 4206 ιι.
356 4169 382 4220 p.
400 4155 511 4205 atr-or.
