2614 4790
631 271 704 344 188

562 367 771 390 W

121 490 195 556 dem
212 511 257 572 cx
271 487 347 554 Dei
368 487 412 552 in
434 486 581 552 bonine
603 486 780 550 creando
802 485 989 552 consitio.
1025 482 1218 566 doemonem,

120 596 242 678 inquit,
272 616 294 656 a
316 593 521 676 correptione
544 591 797 676 perpetuitatem
826 599 1011 656 constanter
1039 609 1218 674 speramns,

121 718 215 786 paors
235 717 298 762 non
319 695 537 762 exhominans
559 695 735 792 corruentis
757 694 953 775 somniantes,
967 694 1065 778 jotro
1086 715 1143 780 spe
1160 715 1216 758 no-

103 801 232 866 'bisoset
246 801 327 886 ipsis
348 800 531 880 illudentes,
555 805 611 868 sed
633 802 806 866 certissimo
819 797 1026 884 fideijussor-i
1047 799 1215 878 ereditas,

122 905 189 971 Dei
215 905 365 985 consitio,
395 909 476 991 qnod
500 907 559 972 itte
586 905 741 986 intendit,
770 926 838 970 cons
866 904 1016 970 honines·
1044 922 1087 968 eo
1108 903 1217 968 anim

122 1011 295 1079 inmortali
317 1019 349 1074 et
370 1011 695 1096 corpore-constitnit,
718 1035 758 1076 oc
780 1019 882 1078 nense
902 1019 935 1076 et
948 1009 1047 1074 insita
1060 1008 1133 1095 tege
1148 1028 1218 1072 sors

123 1115 282 1180 instruxit
310 1115 355 1179 ad
382 1115 646 1180 conservationem
668 1123 700 1178 et
722 1115 897 1178 eustodinns
925 1135 1043 1192 eor-son,
1072 1109 1217 1198 quaeat

122 1219 194 1304 ipso
221 1218 310 1282 citos
336 1213 484 1303 sapienti
501 1229 533 1284 et
555 1219 692 1284 rationis
717 1217 880 1302 participi
907 1217 1116 1303 congruentia
1143 1223 1218 1279 sont

125 1324 224 1400 dota,·
248 1322 350 1407 probe
370 1323 588 1410 intelligentes
602 1321 753 1406 fictores·
778 1345 841 1387 non
854 1320 980 1405 foisse,
1009 1325 1049 1385 nt
1067 1319 1220 1403 ejnsnods'

126 1427 248 1492 meinai
259 1424 424 1514 fingeret,
453 1450 493 1492 ac
514 1427 652 1492 ossssibos
674 1427 718 1492 ad
733 1427 985 1512 perpetuitatem
1006 1423 1099 1489 rebor
1121 1446 1218 1488 orna·
1289 1445 1293 1454 ·

125 1539 191 1610 ret,
221 1531 286 1596 nisi
305 1531 364 1596 hoc
385 1527 463 1615 op'os
490 1553 680 1616 permonere
701 1533 860 1597 coluisset.
905 1529 1018 1618 Igitur
1039 1529 1068 1592 si
1089 1527 1234 1618 eninm

126 1657 230 1702 sor-nos
251 1635 364 1721 opifex
384 1635 535 1700 honinem
557 1637 711 1716 condidit,
733 1635 937 1722 ntsapientis
950 1634 1039 1698 vitae
1047 1633 1221 1718 particeps

127 1747 218 1818 esset,
241 1763 281 1816 pe
292 1741 395 1824 ipsios
407 1737 669 1828 magnificentiae
680 1750 711 1806 et
726 1739 879 1810 elucentis
892 1739 928 1803 in
939 1737 1077 1802 oneribus
1089 1738 1219 1821 sopien-

127 1843 195 1910 tiae
202 1843 394 1928 *speculator
396 1844 523 1927 factos,
545 1846 581 1910 in
596 1844 645 1910 lois
658 1867 778 1932 senper
790 1843 1041 1930 contemplandis
1049 1863 1219 1927 pernosse·

128 1955 180 2012 set
194 1949 363 2014 secundans
377 1950 518 2014 aectoris
533 1951 696 2014 corniliano
717 1959 748 2014 et
771 1959 935 2034 acceptans
950 1949 990 2014 ab
1006 1971 1040 2013 eo
1052 1955 1222 2028 nator-ass,-

69 2069 74 2076 '
128 2053 284 2117 noscendi
298 2075 396 2130 corna
415 2051 511 2129 fidens
526 2053 618 2138 facit
635 2053 878 2141 perpetuitatis,
895 2053 1101 2139 perpetuitas
1115 2061 1222 2118 anteros

129 2157 383 2236 resurrectiones,
405 2157 474 2222 sine
495 2179 558 2244 qna
579 2149 664 2223 ¹horso
679 2179 872 2244 permanere
892 2171 954 2222 non
963 2159 1078 2242 possit.
1092 2157 1122 2238 ¹)
1158 2157 1222 2222 Sc·

129 2261 267 2328 eundum
300 2264 545 2330 resurrectionis
578 2277 801 2352 argumentum
833 2273 1026 2344 Qantara
1054 2260 1225 2326 leoninis

85 2353 88 2368 '
129 2380 259 2450 petens:
283 2365 323 2433 Si
334 2369 442 2448 oneris,
465 2371 522 2450 sit,
546 2369 748 2434 conmuniter
760 2367 913 2432 dominon
923 2377 1044 2433 notura
1056 2387 1099 2434 ee
1111 2368 1224 2434 anino
1272 2365 1275 2370 ’

129 2469 303 2566 inmortali
331 2479 456 2537 constat
478 2481 508 2536 et
531 2494 663 2558 corpore
685 2496 754 2539 enos
776 2473 884 2539 enirm
905 2473 941 2537 in
963 2471 1124 2538 creatione
1145 2494 1222 2538 eon-

122 2576 238 2656 jonato
244 2622 256 2656 ,
280 2600 319 2642 oc
340 2598 441 2664 rseqoe
461 2586 600 2652 naturae
622 2577 748 2644 animae
765 2599 829 2662 per
850 2600 883 2644 se
904 2577 1008 2662 ipson
1028 2599 1128 2663 neqne
1149 2599 1223 2640 cor-

128 2680 222 2764 poris
248 2691 388 2747 natoroe
414 2681 590 2766 separatior
611 2681 700 2748 Dens
722 2685 872 2768 ejosnodi
900 2683 1089 2748 creationem
1112 2703 1152 2746 ao
1174 2681 1243 2745 oi-x

131 2793 197 2850 tans
219 2795 251 2850 et
272 2786 370 2852 totins
394 2786 481 2850 sitae
509 2788 674 2852 deearsons
702 2787 867 2873 despondit
889 2797 920 2852 et
942 2787 1136 2868 destinavit,
1167 2789 1227 2853 sed

132 2891 310 2975 conpositis
332 2912 375 2958 eso
397 2899 528 2978 retroque
549 2889 735 2973 heminton
758 2903 811 2973 ot,
834 2893 945 2980 pastos
967 2913 1010 2959 ee
1031 2892 1125 2958 rebor
1147 2913 1225 2958 eon-
1297 2885 1300 2895 ⁴

131 3001 220 3058 stant
250 3015 318 3060 oon
338 2996 519 3083 gignantur
542 3004 573 3060 et
586 2996 721 3077 'sienem
750 3020 819 3063 con
839 2999 950 3064 iisdens
971 2999 1016 3064 ad
1042 3019 1137 3062 onon
1159 2998 1225 3063 oti-

132 3119 220 3186 qrsern
242 3109 274 3166 et
297 3121 480 3166 eonnoroen
491 3097 595 3179 finecs
615 3103 685 3167 sita
701 3111 842 3188 peraeto
858 3104 1053 3188 perveniant
1060 3127 1071 3181 ‚·
1099 3124 1228 3169 neeesse

37 3217 40 3222 '
133 3212 180 3270 est
193 3203 325 3284 onnino,
347 3215 394 3285 ot,
419 3227 487 3271 coos
508 3195 602 3270 onon
623 3207 667 3271 sit
688 3225 731 3271 en
751 3207 894 3294 atrisque
916 3207 1047 3288 adnot,
1070 3207 1226 3294 qnodpa-

133 3309 216 3372 titur
237 3331 439 3399 quaecunque
465 3311 533 3378 sice
560 3311 667 3376 ardna
688 3311 753 3376 sive
770 3302 889 3396 'corpas
905 3313 1055 3396 patitur,
1085 3313 1228 3400 qnodque

133 3425 287 3501 operator
313 3425 345 3480 et
368 3416 505 3504 perficit
534 3436 735 3504 qoaeconqne
765 3423 823 3480 ont
844 3437 986 3480 sensnm
1009 3425 1066 3481 ont
1087 3417 1228 3484 rationis

119 3521 253 3604 “jndicio
275 3522 495 3602 continentar‚·
516 3542 640 3586 necesse
662 3529 728 3600 est,
751 3521 896 3608 inquom,
924 3529 961 3584 ot
982 3529 1051 3586 tota
1074 3523 1229 3606 &asmodi

134 3645 239 3690 seruos
266 3627 364 3691 series
392 3635 423 3690 et
446 3627 643 3692 eorotinnotio
671 3628 715 3692 od
742 3647 837 3690 arnon
867 3624 1002 3710 eltqoen
1014 3623 1118 3706 fisoen
1140 3625 1227 3712 rese-

76 3814 79 3822 !
134 3737 237 3809 rator,
259 3741 296 3795 ot
318 3730 421 3796 onnia
443 3731 479 3796 in
500 3731 637 3798 onsrsitos
658 3733 818 3796 adoreon
839 3729 969 3795 hortinis
991 3741 1174 3796 concentores
1196 3741 1229 3796 et

133 3837 265 3901 saonen
278 3835 412 3902 onrsion
424 3837 627 3923 affectionons
640 3836 820 3901 societatem
835 3844 1037 3914 concurrant,
1058 3837 1228 3923 generatio

133 3941 418 4026 benissinrsatnra
439 3933 586 4022 loonirsis,
614 3939 850 4020 denomines,
879 3940 1020 4006 actiones
1042 3950 1074 4006 et
1091 3961 1227 4026 perpes·

133 4045 247 4126 siones,
269 4045 339 4112 cita
362 4055 393 4110 et
415 4047 500 4112 citae
522 4045 708 4119 eonversiens
720 4041 815 4125 finis.
842 4043 981 4121 ¹Qnodsi
1000 4067 1082 4110 onos
1100 4056 1147 4112 est
1163 4045 1227 4111 oti·

134 4151 206 4256 qsp‘s
234 4151 331 4215 totins
360 4149 510 4214 aninetis
538 4159 704 4216 concentus
734 4160 766 4216 et
788 4171 893 4250 seron
920 4149 1053 4215 anninus
1081 4151 1227 4230 societas,

92 4355 94 4358 ,
205 4293 293 4362 1)1>s
311 4307 409 4347 marr.
427 4294 514 4343 morit.
533 4306 555 4343 c.
575 4293 616 4371 ιβ,
634 4309 660 4360 p.
678 4294 738 4347 847.
