2614 4790
456 295 665 410 ...ιιι-

72 537 111 582 aar
125 515 224 582 eosdm
250 533 315 581 can
343 511 477 583 ettam
498 503 685 580 amcam·
705 512 779 578 dem
800 511 947 581 colerent
969 512 1106 582 Christi·

70 623 113 696 ui,
128 621 213 704 primo
226 617 329 684 Deum
350 620 488 684 victimis
510 619 652 686 cruentis
675 637 877 702 nequaquam
899 617 965 684 coli
980 618 1106 704 probat,

69 723 150 788 deinde
170 725 257 787 etiarn
279 721 461 788 Gentilibus
488 725 610 789 crimen
632 723 716 788 istud
737 725 913 806 impietatis
934 723 1107 788 inhaerere

66 827 126 906 dicit,
143 825 278 911 qniasibi
292 829 432 892 invicem
451 829 542 911 impii
563 839 650 908 aunt,
672 827 747 892 dum
769 826 856 894 uliae
879 827 963 894 ahos
981 827 1108 904 colunt3

67 935 109 996 ino
125 933 148 996 ai
165 931 323 996 omncs'iu
344 921 407 996 hac
428 935 654 1016 superstitione
675 937 907 1014 consentirent,
929 931 1109 998 landandus

65 1038 139 1117 potius
162 1057 226 1101 csse
248 1033 467 1116 Christianos,
497 1037 582 1120 quad
609 1050 787 1103 creatorem
810 1061 832 1102 u
852 1061 889 1103 re
911 1049 1021 1102 creata
1043 1036 1113 1118 dis·¹

65 1151 176 1220 cernant,
207 1161 266 1205 nee
294 1141 449 1205 mundum
477 1163 539 1206 nec
567 1141 678 1206 mandi
710 1155 819 1226 partes
849 1163 909 1206 nec
941 1141 1109 1208 homiuum
1135 1227 1139 1236 ι
1171 1137 1175 1144 ’

65 1265 133 1326 opera
144 1257 325 1310 venerentur
347 1248 389 1328 (c.
408 1247 572 1329 tt—ts.).
617 1247 697 1312 (ium
712 1269 807 1332 porro
823 1246 1018 1335 objicerent,
1040 1244 1108 1310 cul-

63 1360 107 1409 tum
129 1349 228 1413 statuis
250 1347 429 1415 adhibitum
460 1351 504 1415 aul
531 1349 617 1416 Deos
645 1350 733 1434 ipsas
761 1351 893 1430 referri,
923 1349 1108 1436 respondet,

62 1445 125 1514 llam
146 1449 212 1518 illos
233 1456 338 1536 positis
361 1465 393 1518 et
414 1453 614 1538 philosophis
643 1455 864 1522 asserentibus
886 1467 1014 1520 creatos
1036 1475 1110 1518 esse
1159 1481 1163 1492 ·

62 1576 85 1616 ac
96 1556 205 1638 proinde
226 1579 290 1623 non
315 1558 509 1640 adorandos,
532 1559 616 1644 qnod
639 1563 737 1626 etiam
760 1583 805 1628 ex
828 1559 976 1632 absurdis
999 1578 1109 1622 eornm

61 1656 139 1744 ignis
157 1675 186 1726 et
204 1683 299 1744 prave
321 1661 416 1728 factis
439 1677 472 1752 et
493 1663 718 1747 cupiditatibus
742 1667 873 1745 evincit,
896 1685 978 1748 qnae
990 1662 1110 1728 frustra

61 1762 87 1825 ad
96 1779 220 1832 naturam
240 1768 388 1832 revocari
410 1767 625 1844 demonstran
647 1771 675 1834 si
698 1771 796 1848 enim,
821 1767 905 1854 quod
921 1766 1110 1851 quibusdam

60 1867 131 1933 tisun
151 1883 211 1951 est,
234 1871 360 1955 Jupiter
380 1873 466 1958 ignis
488 1875 546 1953 sit,
570 1871 654 1938 Junc
676 1885 776 1951 terra,
798 1869 908 1940 Nestis
931 1893 1013 1956 aqna
1036 1883 1110 1950 etc,

60 1969 150 2053 nolu,
170 1977 228 2056 ait,
254 1975 370 2040 horum
393 1974 484 2041 Deus
515 1989 565 2041 est
588 1977 630 2059 (c.
656 1981 824 2051 18-23.).
870 1974 1116 2058 objicientibus.

59 2093 149 2158 mnus,
174 2077 332 2144 miranda
358 2079 519 2145 interdum
546 2080 589 2144 ad
610 2077 756 2144 Deorum
783 2091 906 2144 statues
932 2077 1021 2153 lieri3
1048 2078 1111 2142 hoc

59 2180 308 2258 qnidam'ccncedit
322 2181 558 2270 Athenagoras,
581 2183 639 2249 sed
661 2203 791 2248 causam
812 2204 879 2248 non
901 2181 1000 2248 aliam
1016 2203 1112 2266 quam

58 2303 187 2362 pravorum
212 2285 409 2352 Damnum
437 2310 569 2372 operam
597 2309 670 2354 essa
693 2288 805 2366 docet,
835 2293 968 2371 quornm
993 2285 1112 2352 deinde

58 2388 179 2472 originem
209 2405 241 2456 et
270 2405 420 2457 naturam
449 2393 550 2457 fusius
581 2391 725 2474 explicat
754 2407 796 2475 (c.
827 2392 993 2474 23—31.).
1044 2386 1071 2453 S
1078 2409 1111 2452 c·
1216 2443 1218 2450 ,

57 2492 152 2557 cruda
171 2497 329 2563 orationis
357 2509 449 2580 parte
473 2495 676 2562 Christianos
697 2493 850 2559 incerti
872 2491 1113 2558 concubitus

57 2602 200 2683 raptu,
223 2605 277 2686 qni
301 2603 422 2666 crimen
444 2598 525 2666 illud
548 2601 587 2666 de
609 2600 671 2665 diis
693 2603 760 2666 suis
778 2620 854 2662 vere
868 2597 1111 2684 praedicebant,

55 2693 112 2763 blo
130 2709 268 2771 accusari
299 2705 439 2788 probans
468 2702 658 2790 exlegibus
681 2719 793 2770 earnm
816 2717 848 2769 et
868 2703 939 2767 cito
960 2699 1111 2766 moribus·

56 2819 96 2882 ltt
111 2811 312 2875 uastissimis
334 2809 525 2874 demonstat·
571 2807 694 2883 Omnes
716 2821 805 2874 caste
821 2810 943 2887 vivere,
966 2805 1021 2871 vel
1036 2825 1112 2870 coe·

54 2900 113 2972 ibes
131 2929 311 2992 manentes,
333 2913 387 2978 vel
408 2917 504 2978 unico
527 2913 731 2978 matrimonio
755 2933 815 2976 nec
837 2911 906 2976 allo
928 2924 1023 2995 pacto
1046 2909 1120 3000 dis·⁴
1236 2947 1243 2966 ι

55 3007 154 3078 solubili
180 3017 363 3101 copulatos,
392 3017 466 3082 dum
497 3031 608 3083 contra
629 3018 752 3104 Pagani
767 3017 809 3080 in
831 3017 921 3081 omni
943 3013 1112 3098 turpitudi-
1185 3022 1188 3034 ’

57 3211 249 3300 llp'eureoe
271 3247 420 3290 caetrae
441 3229 512 3292 sine
531 3226 706 3294 homicidio
722 3227 795 3292 lieri
810 3247 874 3291 non
889 3237 1033 3310 possunt.
1070 3223 1115 3289 At

54 3327 183 3394 neminem
203 3351 343 3415 unquam
366 3331 491 3411 dicere,
525 3353 562 3396 se
583 3331 748 3397 hominem
769 3331 889 3396 vidisse
912 3351 932 3394 a
955 3327 1113 3394 Christia-

55 3425 87 3490 lh
105 3433 243 3498 occisum.
287 3431 420 3500 Nullam
442 3435 602 3520 ejusmodi
623 3435 778 3524 facinoris
801 3455 874 3499 asse
897 3434 1114 3516 suspicionem

54 3529 138 3613 iliis,
159 3541 210 3621 qui
233 3561 275 3602 nc
293 3541 415 3622 justam
438 3539 565 3624 quidem
586 3541 720 3606 caedem
743 3543 890 3625 aspicere
911 3537 1032 3616 velint,
1054 3559 1113 3602 ne-

54 3629 106 3700 lan
123 3638 316 3726 gladiatores
336 3643 449 3724 ludos,
478 3647 595 3729 quique
617 3644 772 3710 abortivis
800 3643 1044 3708 medicamentis
1065 3643 1115 3705 uti

54 3731 241 3828 homicidium,
263 3747 386 3814 liberos
401 3769 566 3832 exponere
581 3749 790 3832 parricidium
805 3750 1007 3813 existiment.
1041 3743 1115 3809 Huc

54 3846 164 3929 medic,
193 3853 278 3935 qnod
300 3851 504 3918 Christianos
534 3854 575 3918 de
596 3853 703 3918 futuru
730 3859 919 3916 monacum
948 3867 1115 3913 resurrec-

54 3943 115 4012 time
133 3957 284 4024 certiores
306 3980 380 4023 esse
402 3959 534 4038 usserit,
564 3957 603 4022 de
626 3979 687 4043 quo
711 3967 899 4043 argumento
927 3953 1056 4038 plenius
1077 3973 1115 4018 se

53 4047 195 4137 aliquanto
218 4063 451 4152 disputaturum
472 4061 654 4146 pollicetur.
701 4057 872 4126 Concludit
892 4057 1115 4124 defensionem

55 4173 171 4244 luens,
191 4179 229 4231 nt
249 4155 459 4251 imperatores
480 4189 538 4251 pro
561 4187 620 4232 sna
641 4169 677 4232 in
699 4185 813 4232 omnes
834 4161 1037 4228 humanitate
1057 4179 1116 4243 po·

55 4259 136 4330 filiani
155 4269 296 4368 adpuaat
316 4271 497 4359 (δῦ-37.)
715 4357 722 4368 .

763 4389 766 4400 '
830 4378 912 4458 12*
