2614 4790
700 303 774 373 116

632 399 840 417 w

156 514 159 523 ’
189 517 489 586 Mocillam-recte
519 515 683 586 observat:
723 519 787 587 Ille
809 531 917 585 autuu
939 519 1074 586 Eurehii
1101 519 1196 587 verba
1215 543 1262 587 cur

188 630 278 693 viror
295 626 528 692 eruditurum
549 628 583 692 in
606 625 689 690 hanc
711 627 945 691 sententiarum
966 625 1156 692 varietatem
1176 626 1262 690 debe·

189 744 264 796 rent
284 733 458 816 conjicere,
483 753 548 796 non
570 731 678 798 video.
722 729 814 796 Dicit
835 731 933 809 euim,
956 728 1119 796 Juatiuuru
1141 729 1180 794 tle
1199 729 1264 795 lilo-

114 891 117 898 .
189 835 322 901 narchia
335 834 400 901 Dei
421 837 636 922 disserentem
654 856 747 900 urum
771 855 843 900 erre
865 838 941 896 nort
962 831 1084 896 roleot
1105 831 1264 914 (nihttttuo

189 940 507 1024 -quemotlmotlum
521 940 592 1006 scil.
608 939 687 1005 alibi
700 939 808 1005 iacere
822 938 931 1006 roleut
944 938 1091 1004 Jurtiuua
1107 936 1200 1004 aliive
1212 936 1265 1001 88.

130 1069 134 1082 ·
188 1043 319 1124 Patren,
349 1067 422 1110 cum
449 1067 565 1128 nempe
593 1057 693 1110 totum
716 1065 898 1110 sermonem
920 1063 1012 1108 auum
1035 1043 1152 1107 ‹livinir
1173 1043 1265 1106 affatio

189 1155 383 1232 contexunt)
405 1171 471 1215 nou
494 1149 611 1228 solum,
633 1151 776 1232 iuquam,
798 1147 904 1212 roomo
918 1147 1007 1232 apori
1018 1167 1074 1210 nor
1087 1144 1265 1230 scriptoris,

138 1247 141 1266 '
189 1252 258 1316 red
278 1253 400 1317 etium
426 1256 471 1338 (q.
496 1275 526 1318 e.
549 1256 614 1318 iruo
643 1255 764 1338 potiar)
785 1253 954 1338 gentilium
976 1251 1265 1336 scriptorem-tott-

50 1367 56 1380 “
188 1357 311 1422 utoniir.
357 1359 412 1422 Sic
438 1360 508 1441 ipae
529 1355 676 1422 Jottiortr
703 1355 781 1422 alibi
804 1379 834 1422 e.
857 1379 905 1444 gr.
928 1360 962 1422 iu
986 1355 1212 1423 cohortatione
1232 1357 1266 1420 al

191 1457 337 1527 Graecei
358 1485 385 1526 c.
410 1469 448 1541 9,
479 1462 534 1526 uhi
564 1463 790 1545 antiquitatem
811 1460 916 1528 Morio
937 1463 1161 1560 demonstrare
1188 1461 1266 1526 adoi-

190 1587 245 1630 rua
268 1578 332 1630 cet:
362 1561 439 1632 Non
459 1563 546 1628 nodo
568 1569 674 1647 (nou),
696 1567 814 1648 iuquit,
828 1559 831 1566 ’
846 1583 888 1630 etc
909 1565 1027 1632 divinit
1049 1566 1139 1651 opud
1156 1586 1208 1630 nor
1225 1563 1266 1626 tt-

191 1669 302 1734 rtoriir
329 1668 375 1763 itl
394 1669 611 1733 demonstrare
633 1668 820 1754 aggredior,
848 1669 904 1734 red
931 1669 1027 1733 eliano
1049 1689 1094 1735 cto
1114 1670 1222 1734 orarit
1242 1676 1267 1731 rt

69 1768 73 1777 “
191 1773 236 1836 ad
257 1770 443 1858 religionem
464 1782 603 1838 murone
624 1771 707 1837 nibil
723 1773 971 1858 pertinentium.
1016 1777 1059 1842 Et
1080 1795 1192 1859 reaprc
1206 1772 1284 1856 nul-¹

189 1875 258 1942 lum
279 1876 326 1941 ihi
349 1874 570 1961 deprehendar
593 1891 816 1962 argumentum
838 1900 856 1943 e
873 1877 933 1944 88.
950 1877 1123 1963 Scripturia
1136 1881 1267 1965 petitura,

31 1951 38 1972 l
77 2057 83 2072 ι
190 1982 250 2047 retl
271 1981 442 2068 gentilium
465 1993 593 2046 tautum
609 1980 873 2068 philosophorum
895 2005 934 2047 ac
956 1981 1130 2050 Poi'taru'm
1151 1997 1268 2052 routen-

190 2088 263 2150 tiar.
309 2083 402 2162 Quae
430 2087 561 2152 dicendi
587 2087 726 2154 formula
755 2109 849 2172 quam
876 2089 996 2152 usitata
1022 2087 1122 2154 luerit
1149 2087 1269 2154 Graecia

191 2204 288 2274 atque
309 2189 455 2272 Latinio,
478 2191 562 2256 hene
585 2192 759 2257 ohrervaut
781 2191 1004 2271 Grammatici,
1028 2195 1082 2276 qui
1104 2213 1199 2257 uuam
1218 2213 1274 2278 ne·¹

190 2295 356 2381 gatiouem
377 2297 412 2359 iu
436 2297 592 2381 ejusmodi
612 2295 694 2362 locir
715 2295 801 2359 idem
823 2295 981 2360 interdum
1004 2317 1042 2359 ae
1064 2295 1144 2362 duaa
1159 2291 1270 2372 ualere,

191 2411 287 2484 atque
309 2399 385 2465 hinc
406 2400 446 2465 οὐ
467 2398 567 2485 μόνον
588 2385 810 2482 nonnusquam
831 2419 889 2482 pro
912 2398 957 2463 ού
977 2389 1102 2483 μόνον
1122 2399 1169 2465 oti
1188 2419 1270 2464 urar·

190 2507 262 2586 pari
283 2516 432 2579 moneutc
460 2504 493 2568 id
516 2503 601 2587 quod
626 2501 769 2586 pluribus
800 2501 1184 2586 exempliederuouatrat
1202 2499 1269 2567 Mo·

191 2627 301 2670 rorat.
317 2609 349 2690 ⁸)
393 2607 465 2672 lloc
487 2610 585 2693 igitur
607 2621 730 2673 remoto
753 2605 850 2672 dubio
868 2609 939 2690 jam
962 2605 1051 2672 nihil
1067 2621 1118 2672 eat
1135 2605 1269 2690 amplior,

192 2713 278 2796 quod
306 2710 426 2777 librum
459 2713 556 2776 iatum
585 2715 619 2776 iu
648 2713 863 2795 suspicionem
892 2711 1065 2778 adducant.
1118 2704 1271 2778 Consonat

132 2883 136 2892 ,
192 2837 265 2909 cum
286 2818 491 2900 antiquorum
513 2814 709 2899 Scriptorum
732 2817 943 2890 tertimouiiat
965 2831 1125 2882 contonat
1138 2837 1207 2884 cum
1221 2813 1271 2878 Ju-

165 2902 167 2916 ’
191 2923 269 2998 atini
296 2920 425 2986 dicendi
451 2923 578 2984 rationo
601 2933 665 2984 tam
687 2923 721 2984 in
743 2920 899 3002 principio
922 2939 1017 3002 quarn
1038 2922 1074 2986 iu
1095 2920 1179 2994 liue3
1205 2939 1271 2984 coo·

192 3037 288 3090 acuat
309 3045 381 3089 curu
404 3024 551 3107 ejusdcm
571 3025 751 3108 proposito,
774 3037 931 3106 quatenus
952 3025 1021 3106 ipre
1045 3045 1162 3108 nempe
1183 3033 1270 3088 tertr-

160 3115 163 3121 ’
192 3140 245 3194 tur
258 3141 320 3220 eat,
342 3149 379 3193 aa
400 3129 508 3193 variae
529 3131 564 3192 in
587 3127 783 3192 christianae
804 3125 973 3214 religionis
996 3129 1271 3196 deleuaionemiu·

192 3235 335 3299 atituisae
364 3230 622 3308 lucubrationem
643 3244 808 3297 ‘consonat
837 3253 909 3296 cum
938 3253 1056 3319 magua
1086 3217 1159 3318 eju·
1185 3235 1219 3296 in
1238 3229 1272 3294 li-

193 3340 272 3402 tcrir
294 3338 549 3416 exercitatione,
572 3349 624 3416 ut,
648 3337 702 3419 qui
723 3338 758 3400 iu
781 3337 869 3400 omni
890 3335 1056 3400 literarum
1078 3337 1273 3420 profanatum

192 3463 314 3528 genere
344 3439 578 3506 eruditissimus
601 3453 686 3518 erat,
715 3442 812 3503 etiarn
834 3439 895 3504 hac
917 3442 971 3504 via
993 3439 1173 3508 Gentilium
1195 3461 1273 3506 erro·

192 3567 246 3610 ret
269 3545 515 3632 aggrederetur,
539 3557 572 3609 et
594 3565 722 3623 eorum,
746 3567 825 3627 quor
846 3543 881 3608 hi
903 3544 1036 3628 plurimi·
1053 3546 1210 3624 lecerunt,
1231 3542 1273 3606 ui·

193 3651 308 3713 mirum
330 3649 503 3714 Poitatum
525 3661 558 3712 et
580 3647 849 3731 Philosophorum
876 3653 1067 3716 auctoritate
1090 3650 1274 3735 profligaret

194 3753 246 3818 nt
267 3753 349 3818 haec
372 3755 513 3833 accedit,
544 3753 627 3836 quod
648 3751 830 3836 ialihcllua
857 3753 890 3817 io
914 3753 1062 3820 omuihur
1083 3754 1167 3820 Mra.
1189 3771 1275 3838 grue·

189 3853 241 3919 ⁴oia
263 3855 349 3921 Divo
362 3857 492 3924 Justino
516 3857 717 3936 attribuatur,
742 3869 775 3920 et
796 3847 957 3921 communi
980 3871 1028 3924 tot
1048 3859 1213 3924 doctorum
1232 3854 1275 3919 vi·

193 3981 300 4025 rorum
319 3963 444 4045 judicio
467 3965 553 4026 iuter
573 3961 714 4046 genuina
737 3960 883 4044 ejurtlem
906 3981 1004 4048 opera
1024 3961 1175 4028 laudatur
1196 3962 1245 4025 eit.

262 4241 294 4306 8)
311 4241 339 4294 iu
359 4239 427 4311 Opp.
446 4239 475 4294 S.
493 4239 600 4308 tustini,
617 4237 731 4293 Praelat.
749 4238 781 4295 Ρ.
799 4239 847 4296 111.
865 4256 887 4294 a.
906 4247 931 4296 2.
949 4257 989 4296 ur.
1007 4242 1042 4310 t,
1059 4259 1086 4314 p.
1104 4239 1201 4296 Lm
1218 4253 1255 4306 rq-
