2614 4790
583 387 791 412 m

139 507 272 592 tutionisl
300 507 345 571 nd
375 505 492 571 Gentes
506 505 555 588 ⁹),
584 503 765 588 Sibyllinos
792 502 896 570 libros
913 507 986 590 jem
1016 503 1139 592 edique
1161 529 1242 588 esse,

138 616 348 700 pronuntiare
370 634 435 676 non
460 611 630 688 dubitavit,
654 630 714 674 eos
734 607 833 694 longe
855 609 1120 674 nntemedinnr
1143 599 1242 676 uite-

139 737 223 784 mr
249 715 387 782 seculare
415 719 610 800 compositos
637 715 739 779 fnisse
766 711 936 797 probabile
964 727 1037 793 est,
1070 735 1145 780 cum
1174 713 1243 784 heri

139 821 237 907 plene
260 843 325 886 non
340 824 465 904 possit,
495 831 530 886 ut
544 841 631 903 ,opus
654 817 783 902 aliquod
808 821 930 906 exiguo
952 839 1119 888 annorum
1142 825 1244 906 spatio

113 999 116 1008 ,
139 929 176 992 ia
199 928 341 992 omnium
363 947 478 990 manus
500 925 678 1008 perveniat.
725 921 821 1002 Quid,
844 923 928 1008 qnod
943 937 1061 988 auctos
1077 923 1242 1000 Quaestio·

140 1051 214 1096 neus
236 1029 281 1092 ad
303 1027 499 1094 orthodoxos
513 1030 545 1111 ³)
568 1026 720 1106 affirmat,
745 1025 782 1091 S.
799 1025 1050 1091 'Clementem
1072 1025 1244 1094 Romam

140 1140 175 1202 in
203 1133 351 1218 Epistola
378 1134 420 1198 ad
450 1130 637 1198 Corinthios
665 1133 771 1215 (cujus
800 1131 875 1197 finis
903 1155 931 1196 s.
961 1131 1118 1219 epilogus
1146 1137 1243 1200 inter·

141 1239 234 1322 cidit)
263 1239 421 1324 Sibyllam
450 1237 631 1324 allegasse;
661 1239 726 1300 imo
750 1238 822 1320 Jam
849 1235 1018 1300 Her-usos
1029 1238 1067 1318 ‚⁴)
1098 1236 1243 1323 Sibyllae

141 1357 294 1428 tanquam
322 1341 545 1427 prophetissae
575 1343 615 1405 de
637 1341 796 1428 religione
826 1355 938 1406 nostra
960 1341 1158 1408 disserentis
1180 1366 1245 1408 me·

142 1447 255 1514 miniti
292 1445 445 1512 Ceterum
475 1469 554 1529 opus
582 1434 650 1512 hoc
668 1423 900 1530 apocryphum,
932 1445 1031 1530 quale
1052 1447 1163 1512 ,hodie
1186 1471 1243 1514 cx·

142 1565 207 1632 tat,
234 1573 298 1637 *non
319 1552 447 1637 integre
469 1551 510 1615 ad
533 1573 592 1615 nos
615 1553 801 1633 pervenisse
823 1547 966 1631 videtur,
997 1573 1073 1616 curn
1103 1552 1245 1618 multae

143 1657 307 1722 veteribus
329 1653 500 1721 Ecclesiae
522 1653 670 1720 Patribus
701 1669 855 1740 tanquam
885 1675 930 1719 ex
959 1658 1034 1722 istis
1065 1655 1161 1722 libris
1187 1657 1242 1722 'tle-

144 1774 249 1829 sumta
271 1760 458 1840 laudentur,
489 1781 571 1844 quac
593 1762 628 1824 in
651 1762 770 1826 nostris
787 1758 1039 1844 exemplaribus
1064 1783 1132 1825 non
1156 1763 1242 1825 inve·

144 1869 285 1932 ninntnr.
330 1863 489 1948 Imprimis
512 1878 621 1928 antam
643 1864 799 1942 lustinus,
822 1863 1062 1951 Athenagoras,
1092 1861 1241 1948 Theophi-

145 1971 206 2050 lus,
230 1969 370 2034 Clemens
384 1967 494 2048 Alex,
519 1967 714 2034 Lactantius
731 1967 909 2052 Sibyllinos
930 1969 1034 2036 libros
1057 1970 1241 2049 laudarunt,

110 2145 114 2151 ,
147 2089 180 2144 et
200 2075 272 2142 loca
295 2077 423 2161 integra
446 2095 490 2138 ex
512 2073 628 2138 iisdem
659 2076 936 2158 transcripserunt.
980 2073 1098 2160 Neque
1123 2099 1165 2140 eo
1187 2099 1242 2140 no·

146 2182 234 2247 mine
249 2177 508 2263 reprehendendi
522 2190 598 2243 sunt
618 2179 774 2262 primores
791 2179 987 2246 christianae
1009 2179 1092 2246 fidei
1107 2202 1240 2264 propug-

146 2297 290 2364 natores,
314 2284 399 2368 quod
413 2284 518 2350 studio
533 2285 678 2349 veritatis
697 2275 896 2351 'asserendas
919 2299 985 2352 tam
1008 2287 1105 2352 fluxa
1126 2285 1161 2349 in
1178 2305 1241 2347 me·

147 2389 235 2455 dium
264 2388 454 2472 protnlerint
482 2401 688 2474 argumenta,
719 2389 813 2454 modo
842 2413 899 2473 pro
923 2393 1063 2455 veritate
1086 2389 1241 2466 lacerent,

148 2515 241 2578 qnam
265 2493 430 2558 adstruere
452 2491 648 2556 nitebantur.
693 2491 746 2557 De
761 2491 895 2577 Sibyllin
913 2497 1142 2560 recentissime
1158 2505 1241 2558 oom-

147 2599 283 2662 rnentati
312 2610 387 2662 sunt
416 2595 618 2681 Birgerns
651 2595 888 2660 Tlorlooiur
917 2599 1042 2664 dnobus
1072 2597 1241 2664 volumini·

147 2701 224 2776 bur,
262 2723 343 2785 quae
379 2701 596 2766 inscribuntur
625 2697 721 2764 Lttrt
749 2697 910 2783 Sttpttin.
940 2711 1003 2766 oet.
1037 2701 1153 2768 eccles
1185 2709 1241 2764 eto.

149 2805 420 2889 Hanniae18153
445 2803 637 2890 Conspectus
659 2804 824 2869 doetrinae
846 2803 1057 2887 christinae,
1082 2805 1190 2894 quotis
1210 2800 1243 2866 in

150 2907 310 2990 Sttpttot.
340 2907 437 2974 libris
468 2909 661 2988 continetur,
692 2909 770 2974 ibid.
801 2917 915 2986 toton
947 2926 980 2975 et
1002 2909 1042 2976 F.
1066 2909 1189 2994 Bieelt
1210 2909 1241 2970 in

149 3013 276 3096 Sileni.
304 3012 475 3098 Stitftbt.
505 3015 555 3080 ed.
580 3037 600 3078 a
621 3007 680 3079 Fr.
704 3011 992 3093 Sclieiermucher,
1016 3015 1074 3080 W.
1098 3013 1184 3080 Lud.
1207 3009 1243 3072 de

156 3115 264 3183 Wette'
286 3132 319 3184 et
340 3119 377 3184 F.
401 3117 509 3182 lAicke
531 3117 656 3202 (Berol.
681 3123 863 3184 tuta-22.
886 3117 944 3184 lll.
969 3119 1021 3200 8.),
1038 3118 1076 3184 Ρ.
1100 3117 1127 3183 l.

551 3335 581 3393 2.
617 3327 844 3396 Editioner.

237 3468 266 3554 ᾗ.
301 3477 391 3546 113.
451 3466 611 3536 Collectio
646 3469 803 3534 librorum
839 3467 1074 3554 Sibyllinorum
1111 3471 1242 3554 primum

149 3595 270 3660 μακε
298 3575 341 3639 ad
364 3571 518 3640 Codicum
540 3597 616 3640 mss.
640 3572 867 3645 Bibliothecae
890 3573 1101 3658 Augustanos
1129 3570 1242 3658 prodiit
1274 3624 1277 3642 ,

151 3691 284 3744 curante
298 3677 399 3759 Xysto
414 3675 445 3743 B
452 3677 536 3744 etnl
541 3682 580 3763 ej
584 3701 612 3758 o,
629 3677 732 3746 Basil.
753 3683 848 3745 1515.
866 3684 896 3742 8.
926 3673 1069 3744 Eosdem
1084 3675 1158 3744 Sed.
1174 3673 1242 3740 lio-

70 3811 77 3829 ·
151 3781 307 3848 station
321 3781 424 3849 latine
437 3783 588 3864 reddidit,
604 3796 638 3848 et
652 3805 738 3848 anno
753 3785 902 3868 proxime
919 3783 1113 3868 insequente
1126 3779 1243 3848 ibidem

220 4033 252 4098 1)
271 4029 304 4087 S.
321 4027 426 4086 lentini
445 4031 523 4102 opp,
541 4029 583 4083 ed.
601 4025 721 4084 Moruni
738 4025 846 4094 (venet.
866 4031 941 4082 1717.
961 4029 994 4093 1.)
1013 4046 1039 4098 p.
1057 4033 1101 4082 at.

220 4123 251 4271 Sl
269 4119 557 4261 deltlinnlddrsnn
573 4204 633 4258 Lib.
650 4203 682 4271 l.,
700 4203 755 4258 vis.
773 4203 809 4260 ll.
829 4219 852 4256 c.
870 4206 915 4270 1.,’
934 4201 962 4256 in
980 4201 1088 4270 Repetit
1105 4199 1173 4269 Opp.
1192 4192 1241 4248 l'l'·

151 4293 281 4365 apostola
299 4311 325 4364 p.
346 4296 405 4346 tta.
820 4293 822 4298 ’
