2688 4782
579 197 911 348 A·

56 497 59 508 ι
139 457 266 522 minsa
298 453 469 541 aequalem
502 455 562 522 sed
600 467 752 540 mquam
785 473 891 556 noune
925 457 1016 524 vitae
1050 471 1242 544 pereum

136 559 286 642 Denique
307 559 366 630 illa
380 559 544 627 nmmum
566 563 638 646 ejas
657 557 819 645 obsequiis
839 563 874 628 in
894 574 1021 628 taum
1043 561 1241 630 dileetien'n

24 709 25 722 .
135 665 314 731 immensae
340 669 455 730 merite
481 677 671 750 provocatur
700 677 761 746 ert,
790 678 827 732 ut
853 665 895 731 de
922 666 1034 732 recula
1065 667 1240 734 excedens

135 768 377 834 commendaret
394 767 447 835 illi
473 773 644 858 conjugem
665 759 704 835 ac
725 755 847 837 liberes
875 791 964 850 sues,
995 783 1028 836 et
1056 791 1158 868 quen
1192 771 1242 836 ie·

134 883 225 938 cerat
257 875 396 940 numinis
424 871 593 942 christiani
629 875 835 960 participem,
867 875 1073 960 postmodnm
1108 877 1242 943 luceret

133 977 266 1062 pietatis
290 976 476 1043 haeredem.
496 979 529 1061 θ)
573 975 680 1064 Hujus
709 979 845 1064 preinde
875 979 1014 1046 Caecilii
1038 999 1176 1060 men,
1205 995 1242 1046 nt
1318 975 1319 1038 Ῐ

132 1083 216 1168 grati
237 1083 341 1148 animi
357 1085 409 1147 sni
429 1083 464 1146 in
491 1075 680 1167 perpetuum
702 1084 814 1150 ederet
839 1085 1015 1170 specimen,
1044 1081 1241 1169 Cypriam

133 1185 196 1254 dbl
216 1197 330 1271 pestes
351 1185 508 1251 amat.
523 1188 557 1268 ⁰)
1145 1175 1148 1188 ’
1318 1179 1319 1182 '

131 1491 132 1496 ,
219 1429 249 1520 d.
270 1439 363 1500 Μ.
407 1429 450 1496 Et
476 1433 561 1498 iuter
587 1429 667 1498 fidei
692 1453 771 1500 suae
799 1435 903 1518 prima
928 1431 1117 1500 rudimenta
1148 1433 1237 1501 nibil

132 1532 222 1602 alind
243 1536 377 1602 credidit
390 1531 464 1601 Dee
488 1537 629 1624 dignum,
653 1559 748 1622 quam
770 1539 798 1602 ai
815 1536 1042 1603 continentiam
1064 1551 1236 1615 tueretun

131 1647 207 1708 tunc
229 1641 316 1708 edim
337 1663 434 1726 pesse
455 1640 606 1706 idoneum
628 1639 700 1706 lieri
721 1655 844 1726 pectus,
876 1655 910 1706 et
930 1664 1061 1710 sensum
1084 1643 1131 1709 ad
1160 1643 1233 1728 ple·
1318 1677 1319 1698 ι

130 1737 297 1812 aam'veri
318 1747 526 1830 capacitatem
547 1749 729 1830 peruenire,
751 1749 781 1812 si
802 1749 1097 1832 concupiscentiam
1121 1752 1234 1816 amnis

128 1847 260 1932 sebaste
287 1861 383 1933 atque
411 1851 538 1936 integro
567 1851 800 1916 sanctimoniae
829 1854 941 1939 vigore
970 1851 1126 1919 calcaret.

128 1951 270 2034 Deinde,
293 1953 378 2038 quad
398 1957 504 2038 majas
519 1955 589 2034 est,
614 1977 685 2020 curn
706 1955 745 2020 dc
767 1955 909 2022 lectione
932 1955 1041 2023 divina
1064 1957 1231 2042 quaedam

123 2062 194 2144 jam
216 2072 282 2124 nen
303 2081 360 2144 pro
378 2057 560 2146 conditione
582 2061 735 2126 novitatis
756 2059 815 2124 sed
835 2081 892 2144 pro
915 2057 991 2124 fidei
1012 2059 1232 2128 festinatione

128 2163 302 2245 didicisset,
324 2167 433 2230 statim
454 2168 570 2248 rapuit,
594 2165 676 2250 quod
697 2167 822 2230 invenit
842 2163 1056 2250 promerende
1078 2161 1229 2232 Domine

126 2269 335 2354 profuturum.
369 2269 534 2335 Districtis
556 2267 653 2336 rebus
666 2271 733 2338 auis
748 2267 790 2334 ad
811 2267 1024 2356 indigentiam
1045 2291 1229 2354 pauperum

126 2373 356 2440 sublevandam
391 2379 461 2438 teta
483 2371 627 2458 praedia
658 2371 768 2458 pretia
797 2371 1005 2456 dispensum,
1042 2373 1107 2440 dua
1138 2375 1229 2441 bcus
1318 2453 1319 2456 Ἴ

126 2477 221 2543 simul
240 2479 364 2566 junxit,
391 2489 428 2543 ut
450 2489 483 2544 et
504 2477 714 2544 ambitionem
736 2475 838 2543 seculi
859 2489 1037 2563 sperneret,
1061 2454 1102 2543 ac
1124 2479 1226 2544 miae-

125 2583 307 2666 ricardiam‚
337 2606 431 2669 quam
453 2583 543 2651 Dens
572 2582 654 2648 adeo
676 2579 843 2648 sacrificiis
871 2586 938 2648 ruis
965 2583 1132 2668 praetulit,
1163 2587 1226 2650 inr-
1318 2599 1319 2634 ³

125 2687 242 2774 ploret,
275 2699 308 2756 et
328 2691 547 2776 praepropera
563 2686 737 2753 velocitate
758 2689 888 2772 pietatis
916 2709 1020 2774 paene
1044 2699 1124 2754 ante
1146 2711 1225 2754 coc·
1318 2675 1319 2692 ¹

124 2796 172 2879 pit
192 2795 352 2880 perfectus
374 2817 460 2876 esse,
487 2815 581 2882 quam
604 2791 739 2858 discere.
755 2792 808 2875 ¹⁰)
851 2789 933 2858 lude
955 2794 989 2856 in
1011 2795 1168 2860 virtutum
1192 2807 1225 2860 et

125 2912 291 2963 sacrarum
318 2899 488 2966 literarum
509 2897 646 2964 studium
673 2895 862 2962 incumbens
890 2897 1031 2964 lectione
1060 2899 1223 2982 imprimis
1318 2957 1319 2988 ,

124 3003 280 3070 librorum
307 3001 505 3070 Tertulliani
530 3003 612 3068 mire
635 2999 866 3067 delectabatur.
883 3001 936 3086 ¹¹)
979 3001 1075 3067 Anno
1103 3003 1221 3086 preba-
1318 3003 1319 3040 ³

124 3105 222 3174 bilius
249 3111 312 3176 245
343 3127 469 3172 tucrum
498 3105 737 3192 baptismum
764 3103 905 3192 accepim
927 3107 980 3191 ¹⁹)
1009 3128 1071 3172 nec
1100 3107 1156 3180 diu
1186 3111 1221 3175 in

125 3215 285 3280 communi
312 3211 469 3281 laicorum
499 3225 585 3282 statu
607 3209 828 3280 ecclesiastice
858 3202 1044 3296 permansit.
1089 3211 1222 3278 Etenim

120 3319 243 3405 judicie
265 3317 331 3385 Dei
353 3331 386 3384 et
405 3317 512 3412 plebis
533 3319 645 3386 favore
669 3317 710 3382 sd
732 3315 871 3384 efficium
894 3314 1143 3440 sacerdotii
1163 3317 1221 3384 ad·
1318 3329 1319 3340 ¹

125 3477 333 3498 -·-···-·-·—

192 3567 221 3628 8)
239 3561 360 3620 Pontius
382 3561 467 3622 Dice.
492 3565 520 3618 in
541 3563 602 3617 vta
626 3557 752 3634 cypriani
774 3577 797 3617 c.
815 3563 841 3630 9,
865 3560 893 3614 iu
915 3555 948 3614 S.
971 3557 1055 3630 Cypr.
1073 3557 1145 3632 Opp.
1163 3560 1219 3625 (ed.

122 3652 304 3726 (wirceburg.
324 3655 403 3718 1⁷82)
422 3653 456 3708 Τ.
474 3651 496 3706 1.
515 3651 587 3706 Prol.
605 3669 630 3722 p.
648 3651 672 3704 V
689 3665 730 3720 sq.

192 3741 222 3805 a)
241 3737 274 3793 S.
295 3737 461 3808 literarum.
483 3739 526 3792 De
547 3738 598 3791 vir.
622 3737 717 3792 illustr.
741 3753 764 3791 c.
786 3737 834 3806 at,
864 3733 893 3788 in
915 3733 955 3804 Ei.
979 3733 1050 3807 opp.
1080 3751 1150 3794 unu.
1174 3733 1218 3790 td.

122 3823 209 3882 rtem.
228 3825 260 3880 Τ.
277 3823 323 3879 lv.
340 3822 374 3881 P.
391 3823 428 3880 ll.
445 3823 495 3880 ccl
515 3828 573 3881 nt.

193 3914 239 3977 1⁰)
256 3909 379 3990 Pontiae
395 3913 423 3966 in
440 3912 502 3966 vita
519 3909 598 3983 Cypr.
617 3925 639 3965 a
657 3911 682 3978 d,
700 3907 741 3964 cd.
759 3909 828 3964 laud.
846 3927 874 3982 p.
891 3908 943 3966 ΠΙ.

192 4000 238 4064 tt)
257 3997 289 4054 Β.
307 3995 472 4068 meracam.
487 3997 530 4052 De
547 3998 597 4054 vir.
615 3997 709 4052 illustr.
728 4013 753 4054 c.
770 4001 816 4068 ⁶8,
842 3995 870 4050 in
894 3995 935 4066 El.
959 3994 1029 4068 0pp.
1052 3995 1094 4054 etl.
1117 3991 1216 4052 naar.

123 4087 156 4141 Τ.
174 4086 221 4141 lv.
238 4086 269 4143 Ρ.
289 4085 325 4141 11.
343 4087 393 4142 ccl.
414 4091 471 4142 115.
620 4149 623 4154 ¹

193 4175 239 4236 tn)
256 4167 411 4242 naama,
434 4173 496 4232 Vita
513 4171 652 4248 Cypriani,
674 4171 782 4230 incdit
800 4169 869 4247 0pp.
887 4169 967 4248 Gypr.
988 4167 1030 4244 (§.
1049 4171 1120 4238 ⁷⁰⁰)
1138 4167 1163 4244 ς.
1181 4171 1216 4230 ΙΙ.
