2686 4794
591 275 747 358 ’888

159 522 234 579 ess,
269 499 323 583 qui
350 498 447 566 aliter
476 501 525 581 (et
551 497 711 566 catholice
741 499 885 583 qnidssn)
912 501 1071 580 sentiunt,
1105 504 1241 588 increpat

159 617 311 702 tanquam
333 600 563 670 haereticos
584 623 692 668 scum
712 603 750 670 is
770 623 803 668 rc
824 600 983 670 tames.
998 607 1030 688 ⁸)
1074 603 1156 675 Tres
1172 629 1240 692 pro-

156 708 233 775 inde
247 706 405 774 Innaeus
422 708 586 793 justornm
606 720 681 792 post
701 719 839 774 mortem
861 711 954 794 quasi
976 709 1178 775 stationes
1196 711 1240 785 di·
1260 769 1263 778 ,

157 815 303 900 stinguit,
325 814 463 896 primum
484 811 521 876 irs
541 809 611 876 leco
632 812 770 898 medusa
790 810 959 892 invisibili,
979 815 1014 880 ie
1028 835 1090 898 quo
1103 813 1250 880 detines?

156 931 208 986 tur
229 918 273 983 ad
299 917 546 1002 resurrectionis
571 938 673 1002 usqne
702 928 846 1000 tempurr
876 917 1012 984 alteram
1033 919 1071 983 in
1091 919 1242 986 Pas-odiro

156 1020 319 1100 terrestri,
342 1021 399 1088 ubi
421 1021 481 1088 sub
503 1023 639 1104 imperio
664 1019 785 1086 Christi
806 1024 841 1088 in
862 1045 989 1090 summe
1010 1024 1117 1107 quiete
1138 1044 1175 1090 ac
1194 1044 1241 1088 re·

155 1147 227 1193 ruso
243 1125 412 1192 affluentis
434 1125 604 1212 degentes,
627 1141 875 1212 crescentesque
898 1151 944 1196 ex
965 1131 1094 1196 visione
1106 1127 1241 1208 Domini,

155 1253 213 1318 per
240 1233 344 1316 ipsum
375 1241 565 1298 assuescent
594 1253 710 1314 capere
737 1231 876 1318 gloriam
898 1233 965 1300 Dei
987 1233 1094 1300 Patris
1107 1233 1156 1315 ³);
1184 1245 1240 1297 ter·

157 1338 236 1402 tinto
257 1335 386 1401 demum
409 1334 446 1400 in
467 1355 566 1422 regam
588 1335 761 1415 metm,
784 1339 817 1404 in
842 1361 904 1421 quo
926 1340 1028 1424 ipsius
1050 1337 1155 1404 Petris
1174 1357 1242 1402 ceu-

157 1451 270 1524 speotn
296 1438 443 1504 irnennn
464 1443 498 1504 in
521 1451 701 1506 aeternnm.
726 1475 766 1488 -
811 1440 864 1508 Ad
886 1463 1032 1508 errorem
1054 1441 1188 1525 denique
1208 1439 1243 1502 ds

156 1551 322 1608 terreno
346 1540 467 1625 Christi
489 1565 587 1630 regno
609 1544 696 1641 qnod
719 1547 852 1626 attinet,
881 1547 1039 1614 Irenaeos
1060 1547 1160 1612 insius
1181 1547 1242 1630 qui·

157 1647 231 1712 dem
253 1646 419 1712 disserens
433 1649 476 1728 ⁴),
500 1661 609 1712 minen
631 1649 742 1732 procul
764 1672 785 1714 e
799 1649 945 1716 Corinthi
965 1654 1132 1736 impietate
1145 1670 1242 1716 reces-

156 1751 218 1830 sit,
248 1748 422 1816 recludens
440 1754 595 1818 nimirum
617 1757 725 1820 caruis
746 1753 921 1822 iuecsbm
943 1769 977 1822 et
997 1755 1143 1822 libidinis
1164 1775 1243 1820 cour·

156 1856 345 1920 mercium·
368 1853 544 1920 Praeterea
572 1855 656 1922 elias
685 1880 706 1922 o
735 1857 868 1944 reliquis
891 1858 1063 1927 Chiiiestis
1085 1861 1243 1944 opiniones

87 2021 93 2042 ,
156 1957 339 2046 singulares
363 1971 396 2022 et
418 1959 481 2024 eibi
502 1959 565 2026 soli
586 1965 731 2046 proprias
760 1975 883 2044 tuetur,
914 1985 1031 2048 nempe
1054 1963 1139 2048 qnod
1158 1961 1243 2048 regei

156 2061 246 2130 illius
275 2067 397 2130 terrani
426 2072 550 2149 tenpus
572 2069 718 2150 nuspiam
741 2069 873 2148 definit,
904 2091 965 2134 neo
994 2067 1087 2136 rnille
1109 2080 1163 2134 aut
1183 2087 1242 2130 om·

156 2169 236 2234 uino
258 2179 346 2234 certo
370 2167 478 2254 eliquo
502 2191 659 2236 annorum
683 2195 816 2238 numero
829 2174 1079 2240 circumscribit:
1103 2169 1243 2256 quodec-

156 2271 207 2339 los
228 2280 388 2354 moneres
410 2287 483 2356 post
505 2274 627 2340 obitum
649 2275 818 2342 stertinio
840 2275 968 2344 coelum
991 2277 1034 2349 ad
1048 2285 1243 2360 conspectum

157 2375 283 2458 Patris,
304 2377 449 2462 reliquos
472 2392 581 2446 autern
603 2401 717 2446 omnes
740 2381 781 2446 ad
802 2379 980 2446 invisibilia
1001 2379 1097 2460 loca,
1126 2385 1161 2442 rs!
1182 2397 1242 2440 cor·

152 2501 269 2566 portem
291 2481 557 2546 resomcttocem
579 2493 777 2568 exspectent,
801 2486 945 2552 abituros
966 2487 1093 2562 innuitc
1116 2484 1243 2566 denique

157 2587 205 2667 (et
227 2585 289 2679 hcc
311 2586 440 2670 quidem
463 2590 605 2652 omniurn
626 2593 852 2675 gravisnmuru
875 2593 938 2672 est)
960 2591 1046 2674 qnod
1068 2585 1243 2676 significare

157 2689 301 2769 videtur,
332 2711 398 2756 non
421 2709 525 2754 orestes
547 2690 662 2758 beatos
683 2697 717 2758 in
741 2694 825 2758 coeio
847 2695 988 2770 futuros3
1018 2695 1080 2760 sed
1101 2691 1243 2777 quosdam

114 2783 122 2817 ³
156 2793 315 2887 inlceelo,
339 2795 423 2861 alios
445 2798 479 2860 in
501 2795 657 2864 Paradiso
680 2811 713 2862 et
734 2801 769 2864 in
791 2811 879 2864 terra
895 2797 1107 2865 Hierusalem
1128 2806 1243 2860 resten-

131 2891 134 2900 ’
157 2897 246 2978 rata,
276 2921 389 2964 omnes
411 2909 541 2980 tamen,
568 2901 749 2986 ubicunque
771 2902 908 2983 inerint,
931 2903 997 2970 Dei
1020 2913 1153 2988 aspectu
1172 2899 1243 2964 trui-

150 3017 258 3074 turos.
282 3041 323 3054 --
368 3003 534 3090 Quidquid
556 3019 665 3072 eutem
686 3005 727 3070 de
749 3006 801 3072 his
823 2995 969 3074 erroneis
982 3007 1113 3074 Ireneei
1128 3004 1243 3089 opinio·

157 3107 253 3176 nibus
273 3111 416 3176 senserit
437 3113 606 3195 quispiam,
629 3113 710 3176 tenti
733 3115 888 3178 momenti
910 3126 998 3178 certe
1021 3135 1089 3180 non
1111 3123 1195 3187 suut,
1214 3115 1245 3170 ut

157 3213 358 3300 praeclarum
388 3217 478 3299 ejus,
509 3238 604 3300 qoem
625 3219 661 3282 in
688 3219 807 3286 ceteris
822 3223 1045 3306 agnovimus,
1076 3215 1245 3284 diatritam

157 3318 349 3398 obscurare,
379 3332 439 3384 aut
459 3324 624 3409 egregiam
647 3321 836 3388 eruditionis
850 3325 893 3388 'et
907 3327 1096 3420 ,sanctitatis
1116 3319 1245 3409 gloriam

157 3425 359 3506 imminuere,
382 3437 439 3490 aut
460 3425 559 3492 fidem
580 3414 867 3515 auctoritatemque
890 3431 926 3496 S.
949 3431 1056 3498 Petris
1078 3426 1246 3510 inningen

106 3519 117 3540 ⁸
157 3527 343 3596 ullomodo
365 3530 501 3622 possint,
633 3590 641 3603 ,

158 3739 367 3754 m

228 3881 258 3944 ²)
275 3881 338 3936 ibid.
356 3897 396 3936 nr.
418 3889 431 3935 t
450 3883 519 3952 trit,
539 3903 564 3956 p.
585 3889 644 3950 anti.

227 3987 258 4050 8)
276 3985 339 4042 ibid.
357 4003 380 4043 e.
397 3991 442 4042 88.
459 4005 499 4042 nr.
521 3996 534 4042 1
553 3989 630 4058 med,
649 4007 675 4080 p,
692 3994 754 4045 885.

229 4089 258 4156 i)
276 4091 338 4146 ibid.
356 4108 380 4146 c.
396 4095 515 4162 88-88,
534 4111 560 4168 p.
578 4097 627 4150 881
648 4110 708 4164 sqq.
