2704 4786
152 487 270 590 ¹rlrtrrr.
314 521 464 600 Accedit,
494 522 579 606 qnod
596 533 630 586 st
650 517 751 600 stylos
772 531 807 586 et
834 519 963 586 utendi
984 519 1155 588 nntbcdm
1176 477 1270 590 dluti-

175 623 264 690 trtllia
286 637 336 690 est
357 627 469 708 priori,
492 647 553 690 nec
574 646 649 689 rnre
666 623 901 707 Scripturnrum
923 623 1176 709 apocryphorum
1198 627 1271 692 lucc

173 727 355 796 laudantur.
401 728 496 806 Quae
518 749 616 812 quum
638 729 686 792 ita
706 729 790 807 sint,
812 728 963 811 permulti
985 727 1058 793 VV.
1081 729 1157 796 ΠΙ).
1180 744 1216 794 et
1237 734 1271 796 in

52 843 53 855 ¹
172 833 224 898 hir
245 833 297 898 Jo.
321 831 483 912 Mor-inor,
512 831 613 898 Hmr.
645 829 824 908 Wottonut,
847 829 942 896 Rich.
958 829 1139 913 siricicius,
1160 833 1271 900 Hem.

181 935 324 1017 Venena,
346 936 396 1001 Jo.
411 935 568 1016 Gradiue,
592 949 625 1000 et
647 937 821 1009 novissime
843 933 894 1000 Μ.
917 935 949 1000 J.
980 933 1160 1016 Wocdcrm,
1181 937 1214 1003 J.
1228 924 1271 1006 A.

171 1041 402 1130 Ampor-nior
424 1043 508 1107 banc
532 1039 702 1124 epistolam
724 1038 889 1105 Clementi
919 1039 1122 1124 abjudicant,
1156 1044 1272 1126 quibus

173 1159 288 1212 atnoe
317 1167 390 1212 cunr
419 1143 457 1211 C.
481 1146 555 1212 Jos.
572 1143 750 1227 Hefcltot)
779 1159 813 1209 et
835 1144 865 1209 J.
887 1145 928 1210 A.
951 1142 1116 1208 Moedlcro
1132 1149 1183 1228 ¹⁰)
1215 1169 1271 1212 ac·

171 1249 325 1317 ccdimus.
372 1250 525 1317 Ceterum
548 1249 643 1314 nobis
674 1247 849 1327 Vendelint‘,
871 1249 1039 1329 Dodrcelii,
1066 1251 1271 1319 Grobiima·

170 1359 262 1423 xime
285 1357 394 1438 opinio
413 1355 545 1434 arridet,
569 1375 652 1438 quae
668 1352 810 1418 Locdcru
831 1377 967 1439 quoque,
990 1353 1131 1438 Hesclio,
1154 1355 1269 1422 Moch-

171 1460 250 1538 ltro‚
274 1459 411 1544 aliisque
424 1459 597 1543 probatum
611 1456 816 1521 Hostiliae
830 1479 945 1541 nempe
960 1473 1084 1543 partam
1100 1483 1173 1526 aesc
1188 1455 1271 1528 illud

170 1564 420 1652 langrnenturn„
435 1563 520 1648 quod
548 1560 734 1648 inscribrtur
755 1564 896 1627 secunda
918 1565 960 1632 ad
984 1562 1170 1632 Corinthios
1197 1570 1269 1652 epi.

70 1693 73 1698 ·
171 1666 265 1734 rtola.
283 1667 335 1776 ¹3)
798 1712 802 1720 -

344 1803 346 1808 ’
589 1795 627 1866 3.
659 1787 847 1864 Ganuina.

256 1943 287 2029 5.
308 1950 383 2020 82.
424 1943 482 2008 Ex
510 1941 657 2010 omnibus
680 1941 715 2006 S.
738 1942 827 2008 Patri
855 1956 964 2010 nostm
994 1945 1089 2032 vulgo
1120 1952 1268 2015 accensi·

171 2052 224 2116 tis·
244 2047 337 2112 libris
368 2043 565 2130 Epistola
589 2046 724 2131 primo
760 2049 810 2111 ad
842 2045 1075 2114 Corinthios
1105 2063 1138 2114 et
1167 2051 1270 2118 douc
1328 2051 1333 2058 ¹

170 2153 223 2219 nd
251 2149 437 2238 Virgines
458 2151 481 2216 i.
505 2173 535 2214 e.
559 2151 710 2216 coclebes
739 2165 865 2242 ascetae
887 2153 1048 2218 masculos
1072 2167 1105 2218 et
1126 2154 1287 2222 feminae
1314 2211 1322 2218 .

169 2258 376 2340 conscriptae·
397 2254 598 2342 genuinae
624 2258 740 2323 marito
769 2255 939 2322 babeutur.
983 2256 1036 2322 De
1065 2255 1118 2322 his
1141 2259 1268 2328 duabus

139 2447 141 2454 Α
169 2382 288 2448 magna
304 2359 433 2444 quidem
449 2359 607 2424 dissencio
631 2373 692 2440 est,
715 2363 866 2444 quoniam
886 2362 1036 2443 proximo
1061 2349 1189 2428 demum
1205 2364 1266 2429 ab·

169 2465 246 2532 binc
272 2465 440 2552 seculoin
461 2464 568 2531 lucem
594 2477 775 2550 protractae
797 2448 1007 2548 bmnibusque
1029 2478 1116 2530 retro
1140 2473 1268 2552 tempo-

169 2569 258 2636 ribus
287 2571 432 2654 penitus,
462 2581 498 2634 ut
519 2571 629 2652 ajunt,
658 2571 843 2656 incognitae
872 2569 1037 2634 latuerint.
1082 2569 1267 2640 sedechia

170 2695 282 2740 aarum
302 2675 414 2758 utique
438 2673 558 2754 tuenda
581 2685 631 2736 eet
652 2675 825 2738 auctoritas
847 2673 902 2756 (cl.
926 2672 955 2759 5.
972 2673 1052 2756 35.).

403 2870 435 2911 u.
477 2843 626 2910 Variae
655 2867 789 2910 eorum
817 2845 1029 2911 editiones.

152 2960 157 2970 ’
255 2968 286 3054 5·
307 2975 379 3044 330
423 2967 603 3052 Epistulam
619 2969 665 3034 ad
686 2967 863 3033 Corinthios
880 2969 1019 3054 primunr
1040 2969 1191 3054 (unacum
1210 2993 1265 3036 sa-

114 3131 122 3142 .
169 3074 293 3140 eundae
316 3073 357 3137 ad
379 3070 510 3138 eoadem
532 3073 727 3162 fragmento)
749 3077 869 3158 primus
884 3075 1027 3138 omniurn
1049 3072 1268 3138 Patricius

167 3175 313 3242 lentos
341 3176 477 3259 (Iacobo
506 3176 586 3264 let
608 3177 725 3243 carolo
755 3177 771 3242 l
799 3177 942 3265 Regibus
969 3175 1267 3265 Angla-Britanni-

168 3286 215 3349 cis
243 3306 263 3347 a
292 3280 510 3364 Bibliotheca)
540 3305 586 3346 ex
615 3281 841 3346 Alexandrino
871 3283 1026 3366 quodem,
1055 3281 1268 3349 consimilius

162 3391 235 3474 jam
264 3395 341 3450 unte
368 3385 502 3451 medinm
532 3396 679 3472 quartum
711 3385 850 3451 reculam
878 3388 1096 3470 manuscripto
1128 3385 1265 3468 Codide,

71 3505 74 3510 “
168 3513 264 3578 quem
286 3489 428 3573 cyrillus
448 3491 590 3555 Ineunt
611 3491 800 3558 Patriarcba
816 3490 1194 3574 Constantinopolitanae
1209 3515 1265 3558 ao.

168 3601 254 3663 1632
270 3593 386 3659 Catulo
402 3592 428 3657 I
437 3595 613 3682 Anglorunr
634 3597 707 3683 regi
729 3597 813 3661 dono
836 3597 935 3676 misit,
957 3617 1075 3683 graece
1098 3617 1170 3661 cum
1189 3619 1265 3660 rer-

167 3703 260 3767 siobe
282 3723 341 3766 sua
361 3699 465 3766 latina
488 3702 586 3768 edidit
609 3701 729 3773 Oxorrii
752 3707 847 3770 1633.
862 3709 895 3766 4.
940 3701 992 3767 Ad
1006 3699 1069 3766 boc
1087 3700 1267 3767 Iunianum
1320 3721 1325 3728 ·

134 4008 137 4014 ,
234 3948 265 4010 9)
282 3945 390 4000 Petrum
408 3945 526 4018 Apostol.
545 3945 614 4016 Opp.
631 3945 673 4010 (r.
692 3943 715 4011 5.
734 3949 758 3999 5.
777 3946 804 3998 in
823 3945 880 4010 lin.)
898 3947 926 3997 in
943 3945 1072 4017 Prclcgg.
1090 3963 1116 4016 p.
1135 3944 1265 3999 x-xlt.

128 4037 135 4046 “
236 4026 284 4098 1⁰)
302 4029 455 4100 buttctcpit
473 4036 512 4097 (v.
532 4030 555 4098 §.
573 4037 599 4088 ιι.
618 4047 644 4084 n.
663 4034 702 4094 ¹7.)
722 4029 775 4088 er.
794 4032 814 4084 1.
833 4029 871 4088 Θ.
890 4033 1003 4086 θᾶκοι.

237 4121 285 4185 11)
303 4119 472 4193 Singulorum
501 4119 534 4172 tle
557 4119 607 4172 bae
633 4120 745 4188 epistola
771 4119 878 4189 scripsit
904 4119 1147 4172 commentationem
1174 4118 1201 4171 J.
1228 4118 1266 4171 A.

166 4205 360 4274 Dtetermaper
377 4224 400 4260 c.
418 4215 437 4260 t.
455 4207 529 4259 Dias.
548 4207 605 4261 orit.
623 4206 658 4258 tle
674 4207 823 4275 fragmento
842 4205 984 4259 Clementia
995 4205 1113 4274 Romani,
1131 4185 1265 4275 quodsum

166 4295 271 4348 ιιοιιιίιιο
288 4293 413 4364 epistolae
430 4293 456 4345 11
474 4293 507 4345 ad
521 4291 674 4347 'Corinthios
692 4292 807 4360 babetur,
825 4293 938 4347 Altderi.
958 4297 1034 4348 trra.
1052 4297 1078 4346 4.
