2704 4786
148 509 214 564 tate
245 479 460 594 disputantem
491 521 509 564 e
535 497 571 564 S.
595 496 771 582 Scriptura
802 511 991 585 argumenta
1022 521 1081 566 sua
1110 501 1249 582 petiisse

147 615 259 668 auctor
287 603 433 683 adserat,
464 615 496 670 ct
519 603 694 688 aliquando
721 607 918 684 sententias,
949 627 1027 688 quas
1050 601 1149 666 Paaii
1172 625 1249 668 csse

148 729 193 772 ex
222 710 293 790 ipsa
322 705 500 790 Scriptura·
514 732 607 774 sacra
637 709 816 788 erudimur,
844 709 940 773 Petra
967 707 1097 772 tribuat.
1149 705 1249 774 Unde

142 814 214 896 jam
237 807 471 891 Bellarmiaaa,
493 812 635 899 Pagina,
658 811 826 897 Dapiaat,
850 835 963 880 omncs
985 813 1124 897 d'enique
1147 811 1250 878 bodie

62 905 73 914 ’
146 915 207 978 viri
243 913 359 980 cruditi
392 917 476 983 Acts
501 917 626 984 isthaec
654 931 807 1002 tauquam
836 918 982 1001 sparta
1010 918 1173 1002 rejiciunt.
1205 952 1251 968 ·-

146 1018 261 1093 Eidem
289 1017 373 1084 Lt‘ao
401 1021 442 1090 ab
471 1021 599 1087 Ioanne
623 1021 806 1088 Tritbemio
835 1035 868 1086 et
896 1022 993 1088 Sixto
1017 1021 1159 1088 Senensi
1187 1024 1261 1104 tri-,

146 1122 254 1188 buiturr
288 1123 437 1190 Historia
467 1127 513 1190 de
541 1127 823 1192 altercatione
853 1125 889 1190 S.
919 1125 1033 1192 Petri
1069 1146 1153 1191 caat
1181 1123 1249 1190 Si-

147 1246 252 1293 atuae
274 1226 405 1315 Mago.
450 1230 572 1298 Verum
595 1255 690 1297 nemo
713 1231 926 1316 Antiquarum
949 1234 1021 1318 ejus
1042 1231 1144 1297 ullam
1165 1233 1252 1298 lacit

148 1338 367 1416 mentionem,
398 1361 458 1404 nec
485 1339 570 1404 liber
597 1337 694 1422 bajus
723 1337 817 1404 tituli·
836 1341 871 1402 ia
894 1335 1101 1404 bibliothecis
1124 1341 1249 1404 noarts

146 1461 281 1523 usquam
315 1446 457 1526 reperire
494 1459 554 1508 est.
588 1477 628 1494 ›-
679 1444 906 1510 Adcantcatur
935 1443 1042 1508 eidem
1072 1444 1171 1508 etiam
1202 1443 1249 1507 ab

147 1544 321 1614 Anastasio
335 1544 587 1614 Bibliothec'srio
599 1547 758 1613 nonnulla
774 1545 1020 1612 Coattitaiiaaet
1033 1567 1059 1611 t.
1074 1541 1251 1610 Literna

140 1648 170 1710 a
177 1650 388 1730 carcinias,
411 1653 470 1718 sed
492 1667 580 1718 certo
603 1653 744 1737 spuriae.

663 1860 721 1926 Vl·
1016 1899 1019 1911 ·

323 1985 382 2060 Dc
411 1986 559 2062 (iurabas
588 1987 624 2061 S.
653 1987 845 2062 Martialis
873 1971 1061 2086 epistolis.
1130 2032 1135 2038 -
1235 2075 1246 2082 ἱ

478 2149 508 2206 1.
539 2140 766 2206 Martialis
794 2139 890 2202 cita.
920 2126 953 2206 ’,

233 2261 262 2346 §·
285 2271 387 2338 106.
432 2266 463 2332 Α
485 2265 520 2329 S.
543 2262 695 2330 Martiali
713 2261 964 2328 Lamotiaaateta
991 2264 1027 2328 ia
1052 2263 1167 2330 Gallia
1191 2288 1248 2330 cc-

98 2391 110 2411 *
146 2364 275 2430 citriam
289 2366 389 2434 fuisso
413 2369 586 2449 conditam,
610 2390 705 2432 nemo
728 2366 825 2432 luoilo
840 2381 1070 2434 controvertct.
1114 2371 1249 2456 Atquin

143 2467 207 2536 istc
220 2471 384 2538 Martialis
407 2473 515 2552 luerit,
539 2487 572 2540 et
594 2498 656 2558 quo
680 2487 767 2538 certo
791 2495 877 2538 anno
900 2477 933 2538 in
954 2459 1081 2540 Gallias
1103 2480 1248 2556 venerit,

128 2574 279 2664 ‚ruultunr
309 2577 491 2663 ambigitur.
544 2576 612 2644 Nos
642 2579 771 2662 quidem
800 2577 836 2642 S.
872 2578 1030 2666 Gregorio
1065 2580 1250 2652 Taroneuci

142 2679 242 2744 fidem
272 2679 456 2748 habendam
483 2706 653 2748 awerrsemus
683 2688 842 2765 narranti,
874 2693 959 2750 rinno
984 2688 1112 2750 circiter
1134 2693 1201 2754 254
1224 2711 1247 2754 a

141 2783 289 2852 Fabiano
304 2787 391 2870 Papa
414 2796 533 2872 septem
553 2788 716 2872 episcopos
738 2811 810 2854 aum
833 2789 907 2854 aliis
931 2811 949 2854 a
972 2789 1061 2855 clero
1084 2793 1184 2856 sociis
1208 2795 1248 2856 in

144 2889 284 2960 Galliam
308 2895 424 2958 missos
448 2913 533 2972 esse,
557 2897 610 2976 qui
631 2893 741 2976 plures
764 2893 809 2958 ibi
826 2893 983 2958 ccclesias
1000 2895 1184 2973 laudarent,
1210 2909 1250 2960 et

144 2994 263 3060 Paaia'a
284 2997 412 3079 quidam
427 2989 692 3074 Nartaemmem,
717 2997 915 3064 Smaraiaaa
935 2997 1132 3078 rotonam,
1162 2997 1246 3064 Tros

136 3097 264 3182 planat
285 3100 524 3178 Arelatcment,
548 3101 788 3188 Aartramattiat
813 3101 1096 3167 Claramaataaam
1118 3103 1246 3168 Aruer-

18 3225 24 3236 ’
140 3225 281 3283 sacreum,
310 3203 485 3268 Martialis
507 3199 775 3284 teaovicemai,
811 3203 990 3270 Gratianus
1021 3207 1246 3288 Taroacascm

117 3317 172 3372 ’τι
195 3307 367 3392 Diaayaiat
394 3310 468 3392 (sed
496 3309 580 3376 alius
609 3310 650 3374 ab
677 3309 736 3376 illo
759 3311 959 3400 areopagita
989 3313 1019 3398 b.
1043 3321 1111 3394 92.)
1141 3315 1247 3380 Pari·

141 3413 283 3479 aicaacta.
328 3413 363 3477 Ia
385 3427 510 3492 autem,
541 3414 587 3478 de
609 3437 679 3501 qao
701 3415 814 3480 aobit
843 3415 907 3480 lia
930 3437 1053 3480 aerata
1077 3427 1150 3497 ast,
1183 3418 1246 3482 Cc-

135 3518 223 3602 piae
245 3534 493 3604 cognomentum
512 3519 575 3586 sibi
597 3523 769 3596 sumsisse3
794 3520 924 3586 Christo
947 3533 1149 3603 postremum
1169 3545 1248 3590 aum

140 3621 303 3706 discipulis
333 3628 485 3694 coenanti
514 3627 810 3704 inservias031uis
840 3627 911 3708 ipse
941 3625 1046 3692 oculis
1076 3629 1246 3694 Lanarum

122 3732 380 3810 accusabamur,
412 3744 554 3796 tremens
582 3755 602 3796 a
625 3731 707 3796 Juda
736 3732 899 3812 proditore
930 3732 1153 3816 condiscipulo
1178 3755 1243 3799 suo
1288 3715 1294 3722 ⁵

139 3835 247 3899 datum
271 3835 400 3902 Christo
425 3835 586 3914 osculum,
611 3849 644 3898 et
666 3834 778 3899 Jesum
801 3836 1030 3899 ascendentem
1053 3839 1087 3900 in
1112 3837 1245 3924 coelum

58 3937 64 3948 '
138 3939 255 4004 vidisse
275 3921 409 4006 'dicium
453 3939 544 4004 Idam
573 3961 667 4022 porro
699 3938 847 4016 Petrum,
878 3961 949 4003 cum
979 3943 1008 4004 is
1029 3935 1270 4008 Antiochiam'

139 4058 172 4108 et
201 4047 315 4111 deinde
339 4047 475 4112 Romam
502 4037 779 4130 profi'cisceretur,
811 4046 1000 4125 comitatus,
1032 4059 1066 4110 et
1088 4047 1169 4112 duos
1193 4047 1242 4112 ibi

138 4165 352 4216 commoratus
382 4168 484 4214 annos
515 4149 557 4212 ab
588 4147 744 4232 Apostolo
775 4149 951 4234 Episcopus
986 4149 1166 4218 destinatus
1196 4154 1241 4217 acl

137 4259 390 4322 Lemovicenses
419 4254 539 4318 abiisse
570 4267 603 4316 et
632 4263 700 4317 tota
727 4252 902 4336 Aquitania
932 4257 1100 4333 miraculis
1126 4258 1241 4327 clarus
