2710 4802
583 311 794 426 Q-

81 576 83 586 .
139 529 354 618 Antiquarum
382 528 541 616 quispiam
564 527 617 594 de
651 529 760 616 aliquo
793 502 883 598 illius¹
909 547 1015 614 *opere
1043 529 1243 594 mentionem

138 637 228 706 facit.
254 636 286 720 ι)

243 912 279 979 2.
335 901 373 976 S.
400 839 607 978 Anatolius
634 901 880 1018 Laodicenos
907 902 1136 1004 Episcopus.
1244 897 1247 906 '

597 1095 629 1136 u.
680 1071 782 1138 Vtra.

179 1215 181 1228 ’
227 1233 257 1319 p.
279 1239 376 1309 ὅθι.
429 1227 662 1310 anatoliae,
692 1233 797 1315 patris
826 1229 1088 1312 Alexandrinus,
1118 1229 1239 1298 Laodi·
1333 1245 1334 1254 ’

141 1359 216 1404 cene
236 1339 273 1403 t'rr
294 1335 395 1420 Syrio
417 1335 618 1420 Episcopus,
647 1333 707 1402 sub
737 1335 842 1402 Probo
874 1349 908 1400 et
930 1333 1015 1402 Caro
1037 1339 1239 1422 imperatori-

139 1445 200 1510 bus
222 1443 340 1508 floruit.
356 1445 388 1525 8)
432 1439 496 1506 Hic
526 1459 597 1506 cum
626 1443 661 1504 in
689 1439 880 1506 liberalibus
910 1441 1088 1526 disciplinis
1116 1447 1240 1508 tamin

138 1545 344 1632 philosophia
365 1547 542 1630 principem
572 1547 657 1610 iuter
686 1545 890 1612 doctissimos
921 1549 992 1632 ejus
1016 1550 1170 1631 temporis
1191 1550 1239 1612 ri·

138 1675 192 1720 roa
214 1653 321 1720 locum
343 1654 415 1718 sine
438 1653 660 1716 controversia
682 1653 797 1730 tenuit,
820 1654 936 1735 quippe
957 1655 1011 1736 qui
1027 1653 1068 1718 ad
1083 1675 1240 1718 summum

63 1825 72 1844 ,
140 1761 264 1844 apicem
298 1755 542 1835 arithmeticae,
574 1755 770 1842 geometriae
802 1769 898 1839 atqua
933 1755 1166 1835 astronomiae,
1199 1757 1240 1821 od

138 1865 222 1930 baec
252 1863 293 1928 ad
322 1861 534 1940 dialecticae,
564 1859 738 1945 physicae,
777 1881 814 1924 ac
846 1857 1026 1926 rhetoricae
1054 1881 1240 1944 supremum
1333 1889 1334 1892 ¹

137 1969 303 2055 fastigium
325 1969 538 2051 pervenisset.
583 1963 658 2042 Qua
687 1965 728 2030 de
758 1987 856 2031 causa
885 1963 926 2030 ab
949 1965 1164 2032 Alexndrinia
1186 1987 1239 2030 ro·
1333 1961 1334 1968 '

137 2085 233 2164 gatus
247 2073 322 2150 ‘est,
345 2085 380 2136 ut
402 2069 631 2135 Aristotelicae
653 2068 858 2134 macerrimis
879 2067 1016 2134 scholast
1042 2069 1115 2136 illic
1144 2073 1238 2136 insti·

138 2192 254 2244 tuerat.
299 2176 462 2243 Plurimae
486 2195 611 2260 quoque
633 2197 686 2242 res
709 2173 750 2239 ab
774 2196 813 2238 eo
835 2173 1002 2257 praeclare
1023 2189 1139 2262 gestae
1158 2175 1239 2242 Ale·

76 2365 80 2373 *
137 2283 297 2350 xaudriae
327 2285 361 2346 in
384 2281 554 2346 obsidione
577 2277 715 2345 Bracata·
742 2279 943 2358 referuntur,
974 2279 1057 2344 adeo
1086 2294 1124 2344 nt
1153 2283 1240 2365 apud

137 2409 252 2454 omnes
274 2408 424 2473 magnam
453 2387 504 2450 sui
534 2385 675 2451 nominis
704 2385 824 2449 famam
853 2397 948 2468 atque
982 2387 1067 2450 iuter
1096 2387 1239 2452 civitatis

136 2515 216 2560 auae
238 2513 388 2578 proceros
410 2494 615 2576 praecipuam
649 2489 781 2554 honoris
812 2491 1071 2574 praerogativam
1093 2493 1238 2556 omnium

137 2619 298 2665 consensu
320 2595 418 2660 fuerit
440 2597 586 2677 adeptus.
602 2595 633 2672 ⁷)
685 2591 772 2658 Mira
801 2597 889 2658 enim
920 2595 991 2678 ejus
1020 2595 1183 2660 industria
1204 2609 1239 2660 et

136 2705 185 2768 rei
215 2699 367 2787 politicae
397 2701 513 2784 peritia
543 2699 663 2764 lactum
693 2711 761 2777 est,
798 2711 833 2763 ut
865 2697 1069 2764 Alexandria
1099 2697 1140 2764 ab
1171 2721 1238 2764 uno

136 2805 241 2873 latere
264 2804 398 2872 obsessa
421 2803 462 2868 ab
486 2806 663 2882 extremis,
686 2821 769 2885 quae
791 2805 853 2886 ipsi
874 2803 1117 2888 impendebant,
1140 2803 1239 2870 malin

135 2910 332 2976 liberaretur
353 2909 397 2994 (§.
418 2915 494 2976 520.
517 2907 629 2990 merl).
674 2907 752 2972 Post
773 2907 912 2973 solutam
935 2903 1069 2976 Bruchii
1091 2907 1236 2976 obsidio·

137 3017 267 3080 nemin
293 3011 425 3094 Syrium
447 3015 617 3100 migravit,
647 3009 702 3077 ubi
728 3009 938 3092 Theotecrmr,
963 3006 1150 3080 Caesareae
1172 3013 1237 3078 Pa-

134 3119 345 3186 laestinensia
369 3119 556 3202 episcopua,
585 3115 636 3180 illi
668 3135 781 3181 manua
804 3119 966 3202 imposuit,
991 3141 1127 3204 eumque
1151 3119 1237 3204 ept't·

135 3242 245 3311 copam
275 3224 453 3302 ordinavit,
491 3222 712 3288 successorem
750 3221 842 3288 illum
874 3221 1036 3290 ecclesiae
1065 3247 1146 3290 suae
1177 3225 1236 3289 de-

39 3373 40 3380 .
133 3329 308 3413 spondens.
364 3327 469 3394 Ambo
508 3339 594 3390 certe
624 3323 856 3410 aliquantisper
885 3329 1024 3395 eandem
1062 3327 1236 3416 ecclesiam

134 3433 230 3499 simul
251 3432 482 3521 gubernarunt.
526 3429 645 3521 Postea
666 3449 764 3512 vero,
795 3453 890 3515 quum
914 3453 987 3499 euru
1010 3433 1154 3518 synodus
1177 3433 1236 3500 ad·

120 3545 246 3604 ‘rebeus
267 3535 403 3602 Paulum
428 3547 626 3622 congregata
648 3531 852 3600 Antiocbt'ata
882 3553 1068 3618 evocasset,
1100 3557 1159 3624 per
1179 3559 1236 3602 ur-

132 3642 209 3707 bem
232 3640 426 3706 Laodiceam
448 3642 510 3703 iter
532 3639 657 3732 iaciens
679 3662 699 3705 a
720 3639 872 3707 iratribus
894 3641 984 3709 illius
1005 3641 1083 3724 loci,
1107 3655 1235 3709 mortam

133 3759 209 3813 tunc
230 3741 386 3824 Eusebia
418 3743 568 3810 detentus
598 3757 659 3810 eat.
673 3746 706 3828 ⁸)
758 3743 823 3812 llic
852 3749 902 3814 vir
930 3746 1036 3814 bonus
1065 3747 1143 3816 boni
1173 3749 1236 3814 riri

134 3940 343 3954 ..u—unna...—

199 4065 229 4126 5)
246 4061 288 4116 ct.
306 4058 429 4130 lumper
445 4061 515 4116 liist.
534 4061 696 4116 theol-crit
714 4061 745 4116 P.
765 4063 843 4118 xm.
862 4081 888 4136 p.
908 4071 942 4120 tu
959 4083 1001 4137 sq.

200 4149 232 4214 t)
251 4146 285 4201 S.
302 4145 467 4216 ornanum.
486 4148 570 4204 Catal.
587 4147 697 4220 Scripta
714 4149 778 4205 secl.
797 4167 822 4207 o.
839 4156 882 4206 ⁷8.
907 4153 956 4209 rol.
976 4153 1035 4208 tw.

200 4239 230 4300 ι)
248 4231 349 4290 Emer.
367 4238 385 4290 1.
406 4237 424 4290 1.
442 4253 465 4288 e.
483 4241 526 4290 aa.
546 4253 587 4288 nr.
606 4241 630 4288 ι.
649 4239 675 4302 a,
692 4253 719 4306 p.
738 4242 797 4291 ιιι.

86 4363 90 4374 .
199 4320 229 4384 s)
248 4319 326 4374 roem
343 4319 406 4376 turo.
426 4337 465 4376 nr.
484 4324 510 4388 a,
526 4321 553 4391 p.
572 4323 624 4375 aas
641 4306 681 4391 lq.
799 4308 802 4318 '
826 4310 830 4321 '
