2686 4794
540 297 542 300 ,
668 293 783 364 m,

157 507 346 600 vectamque
357 509 446 578 illius
458 521 600 578 aetatem
612 522 645 574 et
655 513 848 596 gravitatem
860 515 1138 598 numantiamque
1151 515 1255 580 ammi

160 618 425 704 contemplantes,
447 617 642 680 mirarentur
664 628 787 680 tantum
809 617 907 682 studii
929 616 1088 698 adhiberi,
1110 633 1146 684 nt
1165 623 1255 704 ejus·

159 727 248 796 rncdi
280 743 385 790 senex
418 720 752 805 comprehenderetur·
804 721 849 788 At
880 719 939 788 ille
972 721 1054 790 nihil
1081 737 1256 792 cunctatus

160 835 313 900 continno
336 847 481 892 mensum
503 825 688 892 horninibus
710 831 829 910 apponi
846 828 961 912 jubet,
984 830 1108 900 ,deinde
1132 852 1191 896 eos
1212 831 1258 896 ad

116 981 120 994 .
160 939 308 1022 copiosos
326 930 439 1016 epulas
460 933 587 1010 invitat,
609 933 705 996 nnius
727 931 828 998 horae
850 937 995 1022 ppatiunr
1009 935 1052 1002 cd
1073 939 1256 1002 oraticnem

159 1043 224 1112 sibi
252 1037 387 1108 concedi
413 1033 590 1120 postulans.
643 1034 739 1114 Quod
768 1061 840 1104 cunr
870 1039 912 1104 ab
941 1039 1008 1106 illis
1035 1043 1256 1124 impetrasset,

160 1165 359 1232 consurgens
381 1163 475 1208 crure
497 1142 614 1224 coepit,
636 1141 671 1206 in
686 1155 818 1210 tentum
841 1143 951 1214 diviua
972 1145 1115 1229 repletus
1136 1147 1256 1232 grstia

159 1268 196 1321 nt
217 1255 410 1340 mirarentur
437 1259 569 1326 omnes,
599 1249 653 1329 qni
674 1247 827 1328 ederent,
856 1264 1042 1333 precantem
1064 1250 1157 1318 illurn
1178 1273 1255 1316 aus·

160 1358 334 1436 cultantes,
356 1349 537 1435 multusque
559 1349 690 1416 illorum
707 1353 780 1436 jam
801 1356 992 1436 poeniteret,
1015 1356 1100 1439 qued
1116 1370 1182 1422 tarn
1196 1377 1255 1422 re-

161 1461 317 1530 nercbilia
352 1479 390 1523 ae
419 1456 548 1522 divinus
576 1477 684 1522 senex
707 1458 846 1542 jamjam
874 1473 962 1526 estet
996 1460 1255 1528 interficiendus.

160 1568 334 1662 Postquam
362 1561 471 1628 autern
493 1561 688 1645 precationis
709 1559 809 1626 finem
830 1562 940 1643 iecit,·
957 1566 991 1630 in
1014 1587 1077 1649 qua
1098 1568 1255 1644 omnium,

162 1675 217 1758 qni
244 1670 414 1750 cumipse
441 1685 583 1750 unquam
611 1669 732 1730 verenti
759 1667 913 1747 inissent,
940 1689 1130 1756 magnorum
1154 1673 1257 1756 J'cxte

162 1791 258 1861 utque
286 1771 476 1850 humilium,
505 1767 664 1834 nubilinin
692 1783 726 1834 et
755 1771 977 1871 obscurorum,
1007 1777 1168 1859 totiusque
1190 1775 1256 1840 Ec·

162 1881 284 1950 clerice
305 1875 488 1944 catholicae
509 1897 569 1964 per
589 1876 776 1942 universum
799 1889 956 1944 terrerum
983 1878 1095 1944 orbern
1118 1880 1258 1946 diffusae

162 1987 363 2054 mentionem
391 1981 531 2060 deceret,
562 1999 634 2044 enm
658 1980 730 2064 jum
751 1979 833 2048 hore
860 1983 991 2048 adesset
1017 1981 1260 2066 proficiscendi,

162 2093 256 2158 asino
279 2077 352 2156 enm
372 2087 577 2170 imponentes
598 2085 634 2149 in
657 2086 823 2152 civitatem
844 2087 1049 2156 deduxerunt
1071 2087 1123 2154 die
1145 2093 1260 2176 magni

163 2194 311 2262 Sabeon.
340 2191 514 2280 'Pergenti
542 2189 626 2254 forte
647 2189 777 2256 fortune
799 2195 937 2258 cccunit
958 2195 990 2257 ei
1012 2189 1163 2258 Herodes
1184 2191 1260 2258 Ire-

108 2295 114 2316 ‘
162 2299 285 2368 nar'chc
307 2311 340 2363 et
360 2309 452 2381 puter
474 2298 545 2380 ejus
558 2293 701 2362 Nicetes.
747 2293 812 2374 Qut
835 2319 906 2362 curn
928 2295 1077 2364 vehiculo
1099 2319 1159 2364 suo
1182 2319 1259 2362 enm

164 2407 375 2489 recepissent,
398 2399 579 2467 assidentes
600 2401 796 2483 persuadere
819 2405 850 2468 ei
872 2402 1071 2470 conabantur
1092 2404 1259 2468 dicentes:

165 2509 322 2587 Μάκαι
347 2505 428 2570 studi
450 2513 513 2584 ert,
542 2503 679 2570 edissere
700 2504 780 2570 doec
799 2505 896 2571 cerda
917 2505 1076 2586 „Destim
1098 2505 1258 2586 Coetus-⁴⁶,

124 2663 132 2674 .
164 2622 197 2679 et
217 2607 417 2690 scensseore,
440 2618 536 2695 atque
556 2609 608 2672 ita
628 2609 812 2674 incolumen
834 2609 987 2684 euadere?
1030 2611 1074 2680 At
1087 2611 1148 2678 tlte
1158 2614 1258 2678 initio

163 2717 289 2804 quidem
305 2713 390 2782 nihil
406 2713 582 2798 respondit.
617 2715 816 2782 luctantibus
832 2729 940 2782 autern
953 2718 1048 2800 ipsis:
1071 2697 1258 2802 Nueq'uese,

140 2825 221 2904 ·ait,
242 2822 279 2887 t'd
293 2819 422 2906 seciam
451 2819 532 2904 quod
559 2818 713 2884 suadetis.
759 2817 846 2886 Turn
866 2819 934 2902 illi,
965 2841 1037 2888 cum
1058 2820 1260 2904 persuadere

161 2925 340 3012 Polycarpo
371 2925 501 3004 minime
530 2935 680 3008 possent,
710 2925 745 2988 in
767 2925 914 2990 convicio
941 2927 1028 2990 versi
1049 2905 1215 2991 hcminem
1238 2947 1259 2990 e

162 3051 256 3098 curru
283 3030 448 3114 deponunt
469 3041 559 3094 tento
582 3047 653 3094 cunr
675 3029 811 3112 impetu,
838 3043 875 3096 ct
897 3053 915 3096 e
938 3029 1087 3096 vehiculo
1118 3029 1259 3096 dsscen-

162 3137 244 3202 dens
272 3133 383 3200 utiam
411 3133 569 3200 laederet.
613 3129 734 3196 Verum
761 3131 820 3198 ille
848 3133 931 3200 nihil
954 3148 1150 3215 commotus,
1179 3155 1256 3220 per·

115 3320 118 3332 ⁴
162 3239 239 3307 inde
262 3259 301 3306 ac
321 3238 352 3304 si
374 3237 457 3304 nihil
478 3235 555 3302 mali
577 3255 690 3318 pessus
713 3251 812 3318 ercet,
835 3237 936 3304 alacri
959 3240 1065 3304 anime
1078 3259 1259 3324 properans

161 3343 318 3432 pergebat
339 3343 381 3408 ad
408 3341 546 3408 stadium
569 3341 801 3407 deducentibus
829 3364 902 3408 enm
924 3341 1129 3408 satellitibus.
1175 3341 1260 3410 Cum

162 3469 240 3514 vero
268 3459 376 3512 tentus
403 3445 555 3513 tumultus
584 3459 672 3512 essct
697 3449 732 3512 in
759 3447 884 3526 studio,
914 3459 951 3512 nt
976 3447 1071 3529 pauci
1099 3447 1258 3514 exaudire

160 3555 298 3638 possint,
317 3573 385 3618 vox
400 3551 556 3636 quaedam
578 3551 619 3616 de
641 3550 734 3618 coelo
757 3550 891 3636 delapsa
909 3551 951 3617 ad
962 3549 1175 3634 Polycarpum
1189 3567 1258 3619 sta-

163 3659 249 3724 dium
270 3655 506 3744 ingredientem
528 3659 675 3740 pervenit
695 3644 897 3741 hujusmodi:
918 3650 1029 3722 Itbrtis
1051 3655 1254 3738 erepton-

160 4091 229 4159 set,
251 4079 368 4166 ingena
390 4079 530 4142 omniurn
551 4073 672 4139 clamor
694 4073 856 4140 e‘xcitetns
879 4087 930 4141 est
951 4075 1169 4164 audientium,
1191 4073 1255 4140 Pc-

158 4181 322 4268 lycarpum
350 4201 425 4246 esse
454 4175 732 4262 comprehensum.
775 4175 859 4244 Tum
887 4179 1094 4246 accedentem
1114 4183 1255 4246 interro-
1316 4243 1317 4297 p

160 4287 249 4375 gavit
269 4279 458 4377 Proconsul,
480 4284 594 4439 ipsene
616 4293 705 4351 esset
724 4279 940 4370 Polycarpusi
963 4295 1008 4366 et,
1030 4303 1102 4350 cum
1124 4279 1183 4350 tlt·
1203 4281 1254 4348 da·

21 3761 31 3783 '
162 3782 278 3848 corpe,
306 3769 338 3826 et
365 3759 508 3828 eir-iliter
537 3758 620 3847 age!
662 3761 755 3827 Etis
777 3759 921 3846 quidem,
952 3759 1120 3856 qui-hauc
1141 3783 1255 3828 vocem
1321 3781 1322 3784 ¹

162 3867 326 3948 ediderat,
354 3889 375 3932 a
397 3869 526 3934 n‘emine
549 3879 600 3932 est
620 3868 719 3931 visua
762 3865 837 3950 lpse
857 3887 935 3932 vero
958 3887 1026 3932 vox
1049 3889 1069 3934 a
1089 3865 1255 3952 plerisque
1319 3883 1321 3966 f

119 3987 142 4010 '·
160 3985 341 4040 nostrorum
363 3971 520 4038 exaudita
541 3983 602 4035 est.
648 3967 791 4054 Cumque
814 3969 855 4034 ed
876 3967 1018 4036 tribunal
1032 3970 1187 4037 adductus
1203 3991 1255 4035 es-
1319 3969 1320 3995 ¹
