2686 4794
531 265 740 386 ...ἓξ

97 486 178 550 sitae
199 483 394 568 propemodo
417 495 450 550 et
471 483 691 568 discrepantes
712 494 799 562 sunt,
821 483 907 568 quud
920 484 1051 570 quidem
1064 488 1099 552 in
1115 485 1181 550 Ve-

96 588 204 654 leutini
225 587 437 654 sectatoribus
458 587 700 671 fautoribusque
724 599 757 652 et
769 607 835 672 per
858 587 1012 674 exempla
1026 587 1179 667 Secundi,
1219 578 1223 586 ¹

94 691 282 778 Epipbsuis,
303 689 497 774 Ptolemaei,
521 691 693 760 Colorbasi
714 690 915 776 aliorumque
936 691 1063 778 probat,
1085 715 1177 780 prae·

93 799 196 863 metim
223 795 265 861 de
291 795 397 862 Murci
426 809 459 862 et
480 796 715 864 Mercuriorum
741 799 923 884 praestigiis
954 811 987 864 et
1015 796 1178 886 tigmentis

93 901 325 984 minuente.
342 905 508 980 stt-ent
552 901 653 966 Porro
667 913 703 966 ut
717 899 802 966 banc
817 898 1083 973 Valentiniaoam
1099 903 1178 969 hae-

93 1010 172 1072 resin
192 1009 418 1090 ex‘corruptis
445 1007 647 1095 superiorum
674 1004 912 1073 haereticorum
940 1005 1083 1072 fontibus
1105 1029 1179 1091 pro·

92 1111 219 1178 fluxisse
250 1111 419 1190 ostendat,
449 1112 584 1194 primum
606 1107 773 1193 explicata
794 1107 910 1194 reputa
931 1109 1081 1174 veritatis
1103 1109 1177 1178 bre·
1246 1094 1251 1103 ¹

91 1217 166 1280 riter
176 1215 307 1299 quidem
317 1216 377 1282 sed
387 1213 538 1294 dilucide,
550 1236 632 1298 quae
642 1210 854 1279 sintSistonis
865 1211 976 1302 Magi,
989 1211 1178 1293 Menandri,

92 1317 273 1398 suumne,
295 1317 470 1398 Basilidis,
502 1317 726 1402 carpocratis,
751 1315 909 1398 cerinthi,
939 1315 1176 1398 Ebioniturnss,

90 1419 340 1506 Nicolaitae-uss,
364 1423 530 1502 cedmae,
552 1419 753 1502 Marcionis,
780 1421 931 1504 Tutiani,
958 1421 1177 1492 Gnosticorum
1261 1477 1269 1490 ,

91 1529 156 1594 iton
175 1527 454 1608 llus-delicturum,
479 1525 719 1605 sethianorum,
743 1526 957 1612 Ophitarum,
976 1527 1176 1594 Cuirtiturnst

91 1631 235 1700 baereses
258 1645 294 1698 et
313 1635 413 1718 impia
434 1647 615 1700 commenta
637 1633 774 1715 exponit
795 1633 837 1716 (c.
860 1633 1027 1716 enat).

178 1907 180 1910 Ι
502 1822 566 1888 tl:
582 1821 680 1887 Libri
702 1819 752 1887 ΙΙ.

166 1945 194 2032 d·
216 1953 330 2024 mo
374 1944 413 2010 ln
435 1945 570 2010 secundo
596 1945 683 2012 libra
705 1941 872 2032 singula
896 1942 1176 2011 Gnosticorum

92 2050 285 2137 tspssatu,
312 2061 346 2114 et
366 2050 460 2115 initio
489 2049 620 2134 quidem
648 2043 846 2136 argumentis
869 2071 890 2112 u
912 2047 1038 2114 ratione
1066 2049 1174 2134 petitis

93 2169 224 2220 evertere
256 2165 400 2222 conatur.
445 2153 552 2218 Docet
578 2153 699 2237 primo,
730 2177 751 2218 a
773 2166 929 2236 conceptu
951 2150 1016 2220 Dei
1045 2172 1174 2236 prorsus

92 2257 257 2326 obduruere
270 2279 319 2354 ¹nc
340 2257 472 2343 proinde
494 2255 580 2322 false
602 2278 693 2337 esse,
723 2279 806 2341 quae
830 2255 977 2322 Gnostici
997 2255 1038 2320 da
1060 2253 1174 2322 Pleru-

92 2375 183 2443 mate,
211 2361 258 2430 de
286 2365 452 2428 creatione
479 2361 590 2428 mundi
611 2381 668 2446 per
689 2359 902 2446 Demiurgum
923 2361 993 2426 sive
1015 2357 1173 2447 Angelos,
1295 2391 1297 2396 ·

92 2466 126 2532 de
144 2468 260 2534 umbra
287 2481 322 2534 et
342 2489 444 2534 vacuo
467 2479 530 2532 etc.
558 2464 755 2530 fabulantur.
798 2463 956 2532 Mundum
985 2477 1082 2550 atque
1104 2484 1173 2529 ma·

93 2573 193 2638 teriam
220 2594 300 2640 esse
328 2593 439 2638 rernm
466 2572 563 2638 nnius
584 2568 745 2636 nesolius
767 2567 833 2634 Dei
860 2591 940 2654 opus
962 2571 1005 2655 (c.
1031 2567 1173 2650 t-ta.).

92 2673 205 2742 Deinde
226 2674 529 2742 Valentinianum
548 2674 745 2760 hypotheses
766 2675 807 2742 de
820 2674 984 2744 Aeouibus
1007 2689 1040 2740 at
1060 2673 1175 2742 fictitie

93 2801 190 2847 eornm
205 2784 416 2848 emanatione
432 2792 465 2846 et
478 2781 719 2866 conjugatione,
736 2801 830 2864 quam
844 2801 950 2846 vanae
964 2783 1040 2860 sint,
1064 2794 1190 2876 osten-⁸

91 2883 137 2950 dit.
178 2885 303 2954 Omnia
324 2885 407 2951 baec
428 2884 470 2951 ab
492 2883 566 2950 aliis
586 2883 801 2968 scriptoribus
824 2887 922 2952 etiam
944 2884 1082 2952 ethnicis
1104 2905 1174 2950 mu·
1257 2935 1271 2968 ,

94 2998 180 3070 teste,
201 3003 238 3056 et
258 3011 351 3056 mera
371 2987 574 3078 vigilantium
596 2988 762 3056 bominum
782 2991 911 3054 somnia
933 3011 1006 3054 esse
1028 2991 1174 3072 (c.12··-
1312 3045 1314 3068 ,

95 3093 153 3177 20.)
194 3091 282 3162 Tam
311 3093 350 3158 ad
371 3091 525 3158 diluenda
552 3115 663 3160 eorum
685 3107 877 3182 argumenta
899 3097 1030 3174 transit,
1059 3094 1175 3180 qulbus

94 3217 173 3264 mum
193 3215 391 3266 maternus·
412 3209 556 3282 systema
577 3219 596 3264 e
619 3196 654 3262 S.
678 3197 841 3284 Scriptura
861 3197 1054 3265 confirmare
1075 3221 1174 3266 cona·

95 3315 207 3384 rentur,
247 3325 279 3369 e.
308 3323 357 3391 gr.
387 3301 560 3388 Apostolos
595 3301 764 3368 duodecim
793 3301 1070 3390 praesignificans
1100 3325 1174 3370 esse

96 3403 251 3474 duodecim
280 3407 456 3488 aeonibus,·
481 3408 633 3492 passione
661 3403 843 3474 duodecimi
871 3409 984 3474 aeonis
1013 3406 1173 3497 praefigu-

96 3513 151 3578 rari
169 3513 384 3598 proditionem
408 3509 522 3591 ludeo,
544 3511 725 3578 duodecimi
746 3505 871 3578 scilicet
891 3510 1054 3598 Apostoli;
1080 3509 1174 3579 Cbri·
1245 3581 1249 3594 ,

96 3625 184 3697 enm,
213 3639 287 3684 cnm
316 3639 419 3684 annos
437 3629 544 3683 'name
571 3619 706 3704 triginta
732 3616 915 3702 baptisatus
944 3629 1010 3698 est,
1039 3617 1174 3682 totidem

97 3739 223 3789 aeonum
249 3721 350 3790 {nisse
372 3735 479 3808 typum
502 3735 536 3788 et
555 3724 732 3810 imaginem
753 3735 815 3790 etc.
862 3721 985 3788 Contra
1006 3742 1175 3806 perversas

97 3821 267 3911 hujusmodi
283 3827 318 3894 S.
340 3827 525 3914 Scripturas
546 3827 830 3911 interpretationes
850 3825 1008 3895 irenaeus
1030 3848 1103 3894 earn
1124 3825 1173 3892 lc·
1196 3913 1199 3921 Δ

97 3949 162 4016 gem
186 3935 298 3999 metuit
324 3931 615 4026 bennenenticam,
643 3944 762 3996 utnon
784 3951 827 3997 en
852 3931 996 3998 namne
1017 3939 1048 3996 ct
1076 3927 1173 3996 cedi·

98 4033 297 4124 gritfigart‘s
319 4044 351 4102 et
370 4033 640 4116 sins'iitrsdinidss,
663 4035 721 4102 sed
741 4053 758 4102 e
781 4035 882 4101 clunis
903 4033 967 4103 SS.
990 4035 1176 4102 literarum

100 4137 190 4204 tedis
210 4141 360 4230 dogmata
381 4139 514 4206 debcant
536 4137 678 4224 defendi.
722 4139 821 4208 Plura
837 4140 1022 4208 bominibus
1044 4139 1084 4206 de
1101 4139 1174 4206 Deo

101 4245 241 4314 minius
266 4245 459 4334 inquirende
484 4265 550 4312 non
580 4267 672 4327 esse,
702 4267 797 4331 quem
827 4266 911 4332 quae
940 4247 974 4312 in
1002 4243 1204 4331 Scripturis.
