2710 4802
631 312 708 388 bd‘l

116 529 173 597 bat
207 529 339 598 indicia.
399 527 463 598 llla
498 553 577 600 vero
614 535 849 624 benignitatem
887 535 1029 602 bominis
1067 557 1145 625 erga
1180 557 1217 603 sa

116 631 479 720 libenter‘ampleetene
502 639 589 705 bono
612 647 724 708 animo
747 663 820 708 eum
844 651 918 706 ess'e
936 643 1055 727 jussit:
1077 663 1114 706 se
1129 665 1217 706 nars-

117 765 181 828 que
202 755 275 826 post
297 741 419 808 obitum
443 743 582 809 salutern
613 751 714 830 ipsius
748 747 933 812 aDomiuo
964 749 1217 831 impetraturam,

117 855 156 914 et'
187 848 309 914 collate
345 851 380 914 iu
416 871 452 914 ee
490 849 652 918 beneficia
688 853 781 917 brevi
817 867 1096 918 remuneraturum
1134 875 1218 918 esse.

116 953 211 1020 Haeo
232 975 303 1019 eum
328 953 479 1034 dixisset,
502 955 641 1020 ferventi
664 959 736 1040 piee
758 977 816 1039 per
838 959 929 1021 varia
951 961 1095 1042 eorporis
1116 979 1219 1022 mens·

115 1058 175 1125 bra
197 1059 239 1126 ab
260 1062 335 1124 imis
357 1059 554 1143 pedibus‘ad
577 1059 681 1144 ipsum
694 1083 795 1144 usque
810 1063 925 1144 eapitis
947 1065 1107 1128 oervloem
1129 1062 1219 1130 lente

116 1187 155 1232 ee
176 1165 332 1249 paulatim
355 1165 547 1230 eirourulusa
569 1159 705 1230 roortein
728 1169 889 1230 constanti
915 1169 1024 1231 aniruo
1046 1167 1220 1252 pertulisse

116 1283 326 1336 memoratur.
371 1270 415 1334 Et
443 1267 630 1353 hujusmodi
661 1271 791 1354 quidem
821 1285 985 1338 certamen
1015 1273 1220 1338 nobilissima

116 1377 208 1460 virgo
245 1374 434 1439 desertavit.
498 1371 622 1456 (Matar
659 1379 732 1458 ejus
767 1372 974 1440 Marcella
1014 1377 1129 1441 eodem
1166 1377 1218 1440 die

117 1478 258 1543 {lammis
280 1476 448 1541 oosnbusta
471 1481 546 1559 eet).
598 1475 698 1540 Brevi
729 1491 836 1544 antem
866 1495 980 1564 postea
1002 1477 1218 1558 Basilides,

118 1573 191 1650 enm
213 1581 255 1645 ob
282 1583 394 1646 neseio
425 1601 519 1666 quarn
550 1601 680 1644 oausam
710 1601 731 1644 a
761 1583 1048 1649 contubernalibus
1076 1587 1145 1650 suis
1165 1591 1217 1650 sa'·

118 1689 283 1752 eramento
314 1683 518 1770 adigeretur,
556 1684 649 1750 nefas
683 1685 755 1750 sibi
783 1709 857 1752 esse
887 1687 1058 1753 affirmarit
1086 1692 1218 1754 omniuo

114 1797 239 1880 jurare,
263 1791 378 1874 quippe
402 1789 625 1854 Christianum
647 1811 683 1854 se
707 1813 792 1872 esse,
814 1793 910 1876 idque
932 1790 1041 1876 palam
1062 1789 1218 1876 profiteri,

117 1897 177 1967 llll
195 1898 298 1980 primu
321 1893 451 1977 quidem
475 1893 638 1957 hominem
664 1897 771 1978 jocari
801 1895 1051 1964 arbitrabantur.
1096 1893 1240 1974 Verum'

120 2023 192 2070 eum
215 2000 250 2066 ld
272 2011 461 2066 constanter
483 2013 705 2080 asseveraret,
739 2001 780 2066 ed
797 2001 943 2085 judicem
966 2015 1016 2068 est
1037 2002 1217 2085 perductus.

120 2109 215 2196 Apud
243 2127 339 2192 quem
369 2103 447 2168 lldei
476 2125 556 2168 enee
587 2109 802 2171 constantiam
833 2105 996 2188 professus
1025 2108 1058 2170 in
1089 2103 1219 2172 vineola

120 2217 302 2300 conjicitur.
348 2205 493 2292 Cumque
518 2209 650 2290 quidam
678 2213 711 2274 in
746 2209 888 2276 Domino
917 2205 1034 2300 lrptrea
1064 2232 1138 2275 eum
1163 2233 1217 2276 an·

119 2322 267 2395 diberent,
291 2326 324 2378 et
345 2333 477 2378 oausam
499 2311 626 2376 subitae
647 2312 738 2379 illios
758 2327 854 2398 atque
876 2317 1061 2398 insperatae
1084 2337 1218 2380 eonver-

121 2427 224 2492 sionis
252 2409 508 2504 interrogarent,
543 2417 670 2482 dixisse
699 2419 818 2498 lertur,
849 2417 1092 2484 Potamiaeuam
1123 2421 1218 2484 tertio

78 2555 83 2564 ’
119 2541 193 2615 post
213 2525 402 2608 martyrium
424 2521 477 2584 dia
506 2535 604 2587 noctu
631 2523 696 2588 sibi
716 2527 925 2590 resistentem
947 2545 1100 2588 eoronam
1123 2525 1219 2608 cupiti
1336 2515 1337 2522 ἵ

120 2655 180 2702 sno
215 2629 431 2712 imposuisse,
472 2625 660 2709 diuisosque
696 2651 733 2693 se
769 2631 870 2711 ipsius
908 2647 1005 2694 eausa
1042 2626 1219 2694 Dominum

123 2759 252 2817 orasse,
275 2740 370 2818 itque
392 2731 424 2796 id
446 2731 532 2816 quod
553 2734 692 2814 petierat
712 2737 923 2816 impetrasse,
947 2753 1008 2796 nae
1030 2732 1085 2797 diu
1106 2748 1219 2815 postes

119 2849 226 2932 ipsum
248 2841 288 2906 ad
309 2857 443 2922 superos
465 2838 685 2922 migraturum.
720 2835 881 2904 Postbuee
902 2834 1070 2922 signaeulo
1084 2834 1219 2902 Domini

121 2954 158 3038 (i.
188 2971 219 3015 a.
251 2943 426 3029 baptismo)
459 2961 480 3006 s
511 2940 665 3006 iratribus
698 2953 831 3027 aoeepto
863 2941 1019 3024 postridie
1053 2937 1220 3036 Christum

120 3055 263 3152 gloriosa
293 3047 460 3116 oouiessus
496 3049 603 3133 eapite
640 3062 805 3114 truncatus
835 3055 896 3112 est.
954 3043 1071 3110 Plures
1100 3027 1219 3131 qsopss
1288 3062 1294 3074 ·

27 3147 33 3152 ⁸
122 3160 201 3227 ols's'
231 3180 276 3224 ex
304 3151 541 3228 Alexandrinis
571 3153 695 3218 civibus
729 3155 846 3217 eodem
876 3163 1020 3234 tempore
1050 3150 1092 3214 ad
1121 3147 1219 3214 fidem

123 3263 246 3332 Christi
274 3259 380 3326 subito
410 3260 578 3324 transiisse
601 3272 837 3334 memorantur,
868 3277 947 3338 quos
974 3252 1101 3320 seilicet
1123 3254 1219 3320 Pota·

121 3373 253 3438 misene
274 3367 308 3430 in
339 3366 461 3430 somnis
491 3383 649 3446 apparens
678 3361 720 3426 ad
748 3362 782 3426 id
810 3361 993 3428 iaciendum
1023 3381 1220 3444 provocave-

121 3475 232 3557 rat-⁸)
276 3469 364 3548 Quin
395 3472 460 3534 imo
491 3465 663 3532 admodum
692 3467 877 3532 verosimile
908 3477 976 3544 est,
1013 3466 1100 3548 quod
1128 3463 1219 3530 Dens

111 3603 189 3648 ‚non
218 3599 293 3642 raro
323 3573 483 3661 eiusmodi
512 3567 701 3636 visionibus
722 3569 763 3634 ad
793 3570 1029 3635 convertendos
1066 3568 1220 3662 plurimos

122 3683 274 3752 infideles
303 3702 380 3748 usne
409 3677 519 3743 luerit.
575 3673 674 3741 Certe
700 3673 921 3740 Tertullianus
950 3685 1106 3754 testatur,
1137 3671 1220 3758 quod

122 3785 274 3878 permulti
296 3781 361 3851 nun
384 3781 516 3849 aliunde
538 3781 579 3845 ad
602 3781 749 3845 notitiam
770 3779 838 3846 Dei
867 3781 1092 3862 pervenerint,
1124 3797 1219 3862 quem

122 3917 183 3986 per
203 3895 347 3959 visiones
370 3903 403 3954 et
423 3887 560 3954 somnia.
571 3885 603 3968 ⁴)
649 3883 802 3970 Origenes
824 3905 950 3968 quoque
968 3881 1080 3962 refert,
1102 3880 1221 3948 multos

76 4187 91 4218 ,·
180 4153 342 4223 ,8)Ειιιο8.
358 4153 428 4207 Hist.
447 4149 522 4205 Eeel.
538 4147 557 4202 l.
575 4148 967 4218 1...ο51ιι,ρ.-888-.808

192 4243 409 4314 ol'srtsiuss.
428 4237 672 4302 Desuirnsmv,
689 4234 777 4303 mut.
796 4229 1220 4307 oppmouneulrmes

122 4321 749 4408 peld,(laips.18³i..·lV8)P.le.2³b.
