2686 4794
601 295 811 404 ..ee-

161 509 221 597 que
244 511 310 578 ulte
331 514 365 576 in
388 500 506 595 eorpus¹
524 511 657 598 adigere
675 513 853 597 jusseruntP
900 511 973 590 Quo
992 513 1076 580 lueto
1095 520 1240 584 tnutsvis

159 619 326 704 sanguinis
348 615 488 694 effluxit,
510 628 546 680 ut
564 618 651 702 ignis
672 639 802 702 prorsus
817 619 1073 705 extingueretur,
1096 619 1239 704 plebsque

159 723 311 788 universe
332 723 520 801 miteretur,
549 733 675 789 tuntum
697 743 771 789 esse
793 723 966 790 diserimen
996 723 1082 788 iuter
1102 724 1243 791 infideles

160 839 255 912 utque
285 825 418 906 eleotoq.
469 815 613 902 Quorum
642 847 688 892 ex
717 848 851 892 numero
880 825 933 892 hio
962 839 1052 920 oerte
1080 850 1161 896 unus
1189 830 1245 895 luit

160 944 271 998 nostre
293 943 412 1010 notate,
435 929 630 1013 apostolicus
653 945 687 997 et
703 931 909 1017 propheticus
925 933 1050 1013 doctor,
1072 933 1244 1000 catholicae

160 1035 404 1120 smyrnensium
418 1033 580 1100 eeclesiae
602 1038 781 1122 episeopus.
825 1035 989 1122 Quidquid
1011 1039 1100 1102 enim
1120 1037 1178 1102 ille
1191 1061 1244 1107 uu·

159 1161 254 1226 quem
276 1139 410 1224 protulit
431 1160 489 1204 ore
510 1161 581 1219 suo,
605 1155 661 1207 eut
682 1141 932 1226 impletumjsm
945 1141 1095 1222 vidimus,
1118 1155 1173 1208 out
1191 1146 1246 1208 soi·
1298 1129 1300 1134 ¹

158 1267 229 1312 mue
258 1243 467 1330 implendum.
519 1241 643 1310 Verum
673 1245 802 1312 invidus
830 1245 889 1312 ille
918 1259 1014 1330 etque
1045 1245 1191 1312 uemulus
1219 1261 1256 1311 et,

153 1349 316 1435 justornm
337 1339 451 1436 generi
472 1369 600 1433 semper
621 1349 758 1416 infestus
781 1353 995 1436 nequissimus
1007 1350 1162 1431 doemon,
1184 1373 1249 1416 euru

158 1457 288 1543 insigne
309 1453 399 1520 illius
420 1456 606 1536 martyrium
626 1457 790 1542 vitemque
813 1456 854 1522 eb
876 1457 1009 1522 ineunte
1033 1455 1250 1522 adolescentis

159 1563 230 1628 sine
258 1559 329 1626 ulle
356 1557 619 1642 reprehensionis
640 1558 717 1626 lube
738 1573 934 1628 mansuetum
955 1559 1178 1647 intelligeret,
1207 1571 1250 1622 ot·

159 1687 222 1749 quu
242 1665 362 1730 ideireo
385 1660 644 1752 immortalitatis¹
658 1687 778 1754 eerouu
799 1655 999 1745 redimitum,
1023 1677 1059 1730 et
1079 1665 1252 1747 proemium

157 1769 294 1856 gloriosi
327 1769 513 1834 certaminis
545 1768 617 1833 siue
650 1772 870 1836 controversie
901 1769 1056 1836 retulisse
1092 1781 1253 1841 eerneret3

158 1894 290 1960 operum
319 1873 425 1952 dedit,
455 1893 496 1938 ne
526 1895 640 1958 eorpus
666 1873 756 1940 illius
785 1897 805 1940 n
833 1877 951 1940 uostris
979 1873 1183 1949 auferretur3
1209 1885 1254 1936 tu·

158 1981 255 2044 metri
276 1976 369 2044 multi
390 1979 476 2042 iuter
499 1959 559 2043 nos
582 1992 703 2058 essent,
727 1981 781 2064 qui
802 1979 837 2044 id
858 1999 957 2066 egere
979 2001 1182 2068 magnopere
1204 2001 1253 2042 on·

157 2082 308 2169 piebem,
338 2095 372 2147 et
399 2104 491 2148 recto
520 2082 609 2150 illius
639 2083 790 2150 cadaveri
820 2085 1072 2150 communicare.
1120 2083 1255 2164 Quidum

157 2191 255 2275 igitur
275 2201 507 2276 suggesseruut
527 2186 664 2258 Nioetue
685 2187 827 2254 Herodis
848 2191 948 2271 putri,
970 2201 1005 2253 ut
1027 2187 1255 2278 proconsulem

159 2295 282 2375 adiret,
311 2305 537 2378 moneretque,
569 2315 610 2359 ne
633 2293 771 2360 euduver
798 2290 887 2358 illius
910 2291 1066 2378 dounret3
1099 2315 1144 2358 ne
1166 2293 1254 2368 forte,

158 2412 194 2464 ut
215 2398 365 2484 aiebant,
394 2397 510 2464 relietn
533 2397 690 2464 erueifiro
713 2397 798 2464 huuc
820 2396 973 2482 deinceps
997 2392 1184 2464 Christiani
1207 2419 1255 2462 eo·

158 2503 229 2569 lere
251 2506 441 2587 inciperent.
463 2491 467 2502 ⁵
486 2503 529 2568 Et
550 2505 605 2569 isti
627 2501 755 2586 quidem
777 2500 860 2568 hoen
882 2499 1054 2580 dicebaut,
1079 2525 1257 2590 suggeren-

134 2685 141 2702 ,
159 2609 244 2674 tibus
267 2619 364 2694 etque
385 2607 581 2674 instantibus
603 2605 748 2687 Judseis,
770 2609 823 2690 qui
847 2608 946 2671 etium
968 2617 1101 2672 nosnos
1120 2607 1259 2674 sollicite
1299 2633 1300 2648 ι

159 2713 424 2792 οὶιιιοιιιινιιιιιιιι,
437 2721 519 2777 ‘oum
533 2735 552 2776 e
565 2733 645 2798 rogo
667 2731 780 2794 eorpus
795 2711 923 2776 uuleme
944 2721 1134 2788 tentarent3
1158 2710 1259 2788 stulti,

160 2817 216 2904 qui
241 2817 434 2904 ignorarent
460 2837 517 2880 nor
542 2837 601 2882 neo
630 2812 837 2880 Christum
864 2832 1001 2899 mquam
1029 2835 1132 2898 porse
1162 2811 1258 2882 rolin'-

159 2943 272 3008 qnere,
296 2920 352 3008 qni
367 2941 432 3005 pro
453 2919 558 2994 rqlute
578 2919 722 2998 omnim
745 2925 894 3005 quotquot
915 2937 959 2983 es
979 2938 1105 3003 genere
1128 2921 1261 2986 nomm

160 3027 245 3091 talei
264 3025 382 3110 firtert’
403 3031 494 3104 sont,
523 3033 651 3090 sorren
668 3021 865 3109 pertulerit,
885 3045 961 3089 nee
983 3021 1118 3090 ulium
1141 3019 1261 3114 qnem-

159 3151 272 3218 quom
295 3131 439 3194 colere.
483 3128 580 3194 Illum
601 3127 682 3198 eain
701 3137 814 3214 utpote
835 3125 989 3196 Filius
1010 3125 1093 3193 Dei
1117 3132 1263 3195 adora·

158 3257 256 3318 τινες
277 3235 448 3314 Martyres
469 3238 559 3315 vero,
582 3243 733 3323 tunquam
756 3237 987 3322 discipulos
1010 3243 1049 3297 et
1070 3233 1264 3302 intrato-

160 3361 224 3404 rer
255 3337 437 3418 Domini,
477 3338 590 3402 serito
622 3361 727 3407 oerore
757 3339 995 3426 prosequimur,
1033 3335 1072 3400 od
1110 3339 1265 3404 eximiam

159 3464 263 3508 eomes
280 3435 537 3524 benevolentiam,
560 3463 656 3530 quum
669 3466 749 3532 ergo
771 3445 984 3530 Regen'ne
1004 3439 1269 3531 Magistros

160 3569 250 3612 mm
277 3547 497 3614 declararunt.
545 3549 682 3628 Quorum
710 3571 765 3616 nos
794 3571 912 3636 quoque
935 3556 1101 3614 ememtes
1125 3573 1172 3615 ao
1196 3569 1267 3614 eon·

159 3647 429 3736 ‹lireipulorfiem'
449 3654 588 3720 omnibus
608 3655 708 3721 nodis
723 3663 874 3739 optemus.
891 3656 923 3738 ⁵)
967 3651 1067 3718 Porro
1083 3677 1168 3722 eum
1183 3653 1270 3720 Cen·

159 3757 242 3820 turio
278 3757 489 3838 pertinacium
524 3758 721 3826 Judeeornm
750 3759 1039 3838 animadverteret,
1077 3765 1208 3845 eorpus
1238 3760 1269 3821 iu

159 3859 266 3926 medio
280 3859 485 3942 colloretum,
508 3876 544 3928 ut
566 3869 665 3932 moris
688 3880 739 3932 est
760 3867 853 3950 ipsis,
873 3863 1111 3931 eonoremuvit.
1162 3865 1272 3948 Atque

227 4139 258 4201 ὅ)
276 4139 324 4209 Ep.
344 4156 367 4195 e.
388 4145 428 4208 tt,
447 4141 509 4196 ibid.
528 4159 554 4212 p.
573 4146 632 4196 704.
669 4141 738 4196 Eece
755 4144 991 4213 praeclarissimum
1010 4145 1206 4198 testimoninm
1223 4143 1274 4196 dis-

159 4223 275 4276 criminis
300 4226 368 4278 iuter
385 4225 443 4280 Dei
460 4229 562 4281 lutrism
580 4233 607 4280 et
625 4227 723 4280 uultum
742 4227 1108 4284 snpereminentem
1129 4246 1276 4302 nnuquem

82 4345 85 4350 ·
159 4323 212 4362 non
229 4312 344 4362 servati!
