2654 4784
549 219 551 226 ⁴
645 255 722 326 ιιι

134 473 285 542 menibus
312 486 390 540 ente
419 473 579 556 prsesitlir
601 471 870 550 musuniensi,
901 484 936 536 et
957 473 1107 562 stlstsnte
1129 486 1164 538 et
1183 475 1237 539 in·

134 581 295 646 fremente
317 577 498 646 Gentilium
521 576 726 664 multitudine
748 577 940 662 interrogsti
962 589 1048 643 sunt.
1092 579 1135 643 Et
1156 579 1239 662 Epi·

135 685 249 770 podius
272 705 345 750 oum
366 683 485 750 frustrs
506 685 602 748 ruinis
624 681 754 746 territus
778 691 811 744 et
832 679 998 747 blanditiis
1020 695 1163 748 tentetur
1175 705 1239 770 ge·

136 809 255 856 nerone
276 788 511 872 respondisset,
533 805 707 868 suspensus
729 784 860 871 ungulis
881 785 1044 854 luceretur
1067 799 1102 851 et
1121 786 1238 874 gladio

138 897 264 964 occisus
287 907 354 968 est;
383 891 577 956 Alexander
599 903 723 969 autem,
752 890 856 956 triduo
885 905 959 975 post
980 905 1114 958 vecutus
1136 907 1169 958 et
1191 895 1239 960 si·

137 998 259 1066 militer
281 998 323 1062 etl
345 997 560 1063 delectionem
583 1005 736 1071 tentatus,
760 994 880 1060 refutat
901 997 987 1062 tlicts
1008 997 1181 1082 praesidis,
1206 1012 1241 1062 et

1 1181 2 1184 Ἴ
136 1107 223 1170 inter
245 1103 317 1168 dire
339 1102 477 1167 verbere
499 1099 597 1164 fidem
620 1100 767 1164 animose
790 1087 955 1182 professui
977 1105 1010 1166 in
1035 1125 1130 1168 eruce
1151 1125 1241 1168 mer-

138 1221 189 1294 tyr
212 1207 303 1273 obiit.
350 1205 558 1318 sepeliuntur
580 1203 676 1268 umbo
699 1205 733 1266 iu
756 1202 911 1287 spelunea
933 1195 1040 1272 vellis.

656 1409 714 1478 pv,
822 1452 826 1461 .

297 1539 359 1614 De
393 1539 489 1614 sctis
522 1541 699 1631 martyrii
728 1539 765 1612 S.
794 1538 1081 1638 symphoriani.

133 1750 136 1766 ,
227 1693 255 1780 5.
278 1701 381 1770 204·
426 1691 573 1758 Dursnte
597 1693 710 1757 endem
735 1698 959 1778 persecutione
982 1696 1243 1777 pessusestAu·

139 1797 313 1886 gustoduni
338 1795 664 1882 Symphoriorlor.
711 1797 869 1864 perlectis
898 1801 969 1884 ejus
992 1801 1137 1882 martyrii
1161 1801 1245 1864 netis

141 1901 277 1988 quilibet
297 1902 397 1968 facile
419 1901 559 1980 videbit,
591 1925 631 1966 ea
654 1903 715 1985 (uti
738 1925 823 1968 nunc
845 1905 933 1986 suut)
962 1924 1024 1966 nou
1053 1924 1126 1968 esse
1147 1924 1243 1986 pro-

142 2006 399 2086 consolaria,
421 2020 458 2070 ut
478 2006 575 2094 vulgo
598 2007 756 2084 dicuntur,
780 2019 836 2071 eut
857 2005 898 2072 eb
920 2021 1052 2074 auctore
1066 1998 1244 2090 synchrono

142 2125 291 2180 exsrnts.
335 2113 504 2200 Longiure
519 2116 606 2178 enim
621 2115 655 2176 in
670 2113 711 2176 iis
724 2111 902 2178 obveniunt
923 2111 1097 2198 colloquio,
1121 2125 1155 2176 et
1175 2112 1246 2178 slis

142 2217 350 2302 eloquentiae
365 2217 547 2284 rhetoricae
562 2230 762 2296 ornaments,
784 2217 900 2304 quibus
914 2201 1108 2304 primigenis
1128 2231 1162 2282 et
1173 2220 1245 2284 sin-

47 2317 73 2332 *
142 2345 218 2389 cere
239 2321 420 2407 Martyrum
449 2337 522 2388 sets
552 2345 664 2388 curere
692 2319 810 2386 solent.
855 2321 949 2388 Unde
974 2323 1045 2406 jem
1073 2321 1244 2386 Tillenos-

143 2428 208 2492 tt‘m
224 2431 253 2512 ¹)
275 2441 364 2493 reete
386 2427 513 2494 videtur
531 2429 709 2514 judicasse,
732 2431 760 2494 si
770 2426 1088 2511 posterioritatem
1101 2427 1246 2513 certifie

142 2533 270 2597 viderit.
305 2529 374 2597 Nos
397 2533 526 2618 quidem
549 2555 731 2614 censemus,
755 2555 794 2598 es
817 2531 935 2598 saltem
958 2553 1002 2596 ex
1017 2534 1170 2618 genuinis
1185 2533 1245 2596 tle-

143 2650 261 2717 sumte,
283 2651 398 2726 postes
421 2661 497 2704 reru
520 2662 630 2723 purum
654 2651 749 2703 suctu
771 2654 856 2704 esce.
902 2635 1056 2704 Ceterum
1082 2627 1246 2722 Sympho-

142 2745 228 2808 riuni
251 2747 437 2828 martyrium
460 2765 524 2808 nou
549 2767 601 2808 so.
625 2749 701 2824 273,
724 2755 759 2808 ut
781 2741 882 2807 hebet
904 2741 1081 2822 Beronius,
1104 2742 1163 2808 sed
1185 2764 1245 2826 pro

144 2851 348 2914 exectiorum
371 2849 553 2914 criticorum
576 2851 732 2934 imprimis
747 2847 850 2934 Pugii,
874 2847 1033 2922 lluinerti‚
1058 2845 1245 2916 'l'illemon-

144 2955 201 3033 tii,
231 2949 380 3018 Ceillieri
399 2951 524 3037 judicio
553 2955 628 3019 toto'
650 2953 719 3018 lere
742 2951 853 3018 seculo
876 2955 984 3036 prius,
1013 2974 1099 3018 enno
1127 2941 1247 3035 nempe

146 3055 223 3124 Chr.
256 3063 319 3125 180
346 3059 522 3144 contigisse
551 3059 744 3124 monendum
775 3060 835 3124 est.
851 3059 883 3142 ς)
928 3057 1135 3124 Exhibentur
1161 3058 1247 3124 liaeo

144 3176 217 3229 sets
245 3164 280 3226 in
310 3159 460 3226 Bollmrd.
490 3159 576 3228 Aott.
607 3147 742 3228 SS.'rn.
772 3159 1004 3250 Aug.'1'.1v.
1034 3187 1065 3246 p.
1088 3167 1153 3230 496
1183 3185 1247 3250 sup,
1282 3241 1287 3252 .

51 3325 56 3336 .
145 3289 278 3354 quorum
308 3279 401 3330 tenor
430 3268 649 3331 summatim
678 3269 707 3332 is
737 3280 803 3336 est:
835 3267 903 3334 Sub
926 3265 1060 3334 Aurelio
1088 3271 1247 3352 principe,

146 3395 218 3438 oum
241 3371 395 3436 adversus
418 3371 630 3439 christianum
652 3395 771 3438 nomeu
794 3377 1028 3456 persecutionis
1055 3373 1146 3438 dirue
1168 3395 1248 3463 pro·

147 3475 233 3542 cells
253 3476 436 3556 detonaret,
461 3490 494 3541 et
516 3479 566 3542 ud*
580 3477 754 3544 delendum
776 3481 969 3566 religionem
992 3477 1173 3544 catholicae
1196 3477 1247 3542 le-

145 3585 197 3670 gis
218 3585 345 3666 imperii
367 3585 417 3647 sui
440 3583 572 3648 decretu
594 3596 810 3664 converteret,
834 3596 905 3648 eust
926 3587 960 3650 in
982 3583 1063 3650 urbe
1082 3581 1247 3672 Augusto·

148 3687 286 3754 tluuensi
309 3700 384 3752 tuno
406 3681 525 3752 lietu·
547 3687 667 3753 nobilis
689 3690 756 3756 viri
773 3689 878 3769 lilius,
902 3691 1034 3756 nornine
1059 3687 1247 3774 Sympho-

64 3857 67 3864 ,
148 3793 309 3871 riunire,
339 3794 394 3877 qui
420 3792 527 3858 literis
556 3793 642 3858 bene
670 3795 847 3860 instructus
878 3807 911 3858 et
939 3795 1083 3860 moribus
1106 3796 1247 3878 optimis,

148 3919 219 3963 cunr
243 3895 347 3962 sdhuo
370 3909 459 3962 esset
480 3897 683 3980 adolescens,
706 3912 829 3966 tentem
845 3919 934 3984 spem
949 3903 1102 3982 virtutum
1115 3921 1248 3966 sumunt

135 3999 297 4068 omnibus
319 4001 416 4082 feeit.
430 4016 466 4068 ut
487 4001 579 4070 illurn
595 4007 668 4088 jem
690 4026 803 4070 omnes
825 4004 903 4070 boui
925 4027 998 4071 cum
1020 4009 1168 4090 supernis
1182 4007 1247 4070 rir-

150 4140 358 4157 ...κα-..-

138 4247 144 4270 ι
221 4216 248 4276 1)
266 4213 408 4268 memorre
427 4215 489 4268 eccl.
509 4213 542 4271 Τ.
561 4213 609 4268 111.
627 4234 653 4285 p.
673 4217 733 4268 213.

51 4315 63 4346 e
206 4302 249 4364 «2)
268 4299 381 4354 Uenerii
394 4299 617 4374 Martyrelogium
630 4301 672 4356 ed.
680 4301 706 4356 J.
718 4301 748 4356 B.
760 4301 846 4358 Soller
856 4301 996 4375 (Antrerp.
1011 4305 1086 4358 1⁷1⁴.
1096 4302 1132 4370 l.)
1145 4320 1172 4374 p.
1186 4305 1246 4357 tot.

154 4409 177 4440 ι·
255 4415 260 4443 ι
580 4407 584 4416 ⁴
618 4417 623 4432 ι
