2614 4790
467 281 676 440 ng-

67 540 182 608 dasilo
200 541 380 626 observent,
402 547 476 612 dum
496 547 588 614 illam
602 547 723 612 dodosi
742 547 867 613 violent
888 549 931 633 (ι.
949 549 1113 631 10-13.).

63 645 235 711 racemum
262 649 469 716 remissionem
497 653 581 742 apud
609 653 728 718 leniam
751 673 816 717 non
838 671 896 736 peu
918 651 1114 738 ludaeorum

61 751 231 818 lustrationes
256 755 398 837 promitti
424 755 483 821 aad
505 776 569 840 per
595 756 781 844 songsdmm
812 755 934 821 otmari
962 760 1005 842 (o.
1036 759 1113 842 td).

60 857 190 951 Jmtitiam
209 857 249 922 ab
271 857 385 923 eodem
407 849 568 943 Propheta
590 883 655 927 non
677 865 711 926 in
734 863 882 927 externis
909 865 1022 946 reponi
1043 867 1113 929 riti-

59 961 102 1025 bus
118 961 168 1027 sed
186 965 219 1026 in
241 965 350 1028 cordio
372 965 571 1028 conversione
593 989 613 1031 a
636 964 767 1031 Christo
791 966 924 1048 donats3
954 966 1038 1032 hano
1059 988 1112 1031 oe·

57 1085 109 1126 raa
132 1083 196 1131 esse
223 1071 498 1134 circumcisionem
529 1071 570 1153 (o.
601 1076 655 1137 ta·
683 1071 768 1154 15.);
790 1069 954 1154 jiudaioatn
984 1073 1137 1137 nonnisi*

57 1171 79 1232 in
97 1173 205 1256 ιίςιιιιιι
232 1193 359 1254 poenae
388 1175 496 1238 datam
525 1177 641 1238 merito
662 1197 683 1239 a
706 1171 900 1240 Christianis
929 1177 1039 1260 rejicit
1068 1180 1112 1241 si·

56 1275 154 1356 quidem
173 1263 336 1341 veteribus
364 1279 475 1363 ignota
503 1277 809 1366 demumlAdradae
830 1281 864 1342 in
877 1280 1014 1364 signum
1026 1279 1113 1344 data

55 1393 103 1458 st,
125 1379 305 1447 laxantem
333 1381 392 1446 auh
414 1379 507 1446 Mose
527 1383 569 1448 oh
598 1384 758 1448 duritiam*
775 1383 878 1448 cordis
900 1386 1046 1468 instituta
1068 1387 1110 1468 (o.

55 1487 185 1567 ιιι-ιιι).
229 1471 383 1553 Cibotum
407 1486 560 1552 deiectum
575 1488 734 1571 quendum
746 1489 937 1567 institutum,
959 1501 996 1554 ut
1012 1491 1112 1553 etiam

52 1589 114 1651 iuter
138 1590 293 1656 edendum
317 1605 349 1656 et
377 1592 551 1658 bibendum
572 1593 681 1658 Deum
709 1605 784 1684 apte
813 1591 924 1656 oeulos
951 1591 1111 1658 haherent

52 1693 163 1778 (oid.);
183 1693 319 1759 radbodo
342 1710 449 1761 autem
470 1699 652 1763 introducta
674 1689 748 1768 esso¹
771 1697 813 1761 oh
835 1709 967 1779 peecata
988 1695 1110 1780 populi,

52 1817 96 1858 ιιι
115 1810 256 1880 tanquam
279 1823 359 1883 opos
377 1804 527 1886 justitiae
550 1803 593 1887 (o.
609 1803 695 1882 21.);
718 1795 1055 1877 similiter-toon'ficu'o
1078 1813 1111 1864 et

50 1897 191 1966 diarum
204 1904 246 1986 (o.
265 1907 349 1986 22).
394 1905 590 1972 ludaeorum
612 1905 653 1970 de
674 1903 750 1990 lege
772 1905 936 1976 sententia
957 1907 1110 1990 injuriam

50 2000 102 2068 Deo
119 2006 189 2071 iaoit
209 2010 252 2092 (o.
276 2011 356 2090 230).
400 2009 517 2096 Longe
538 2011 755 2093 praestantior
771 2007 1024 2073 Christianorum
1047 2014 1109 2076 oir-
1134 2029 1139 2050 ¹

49 2113 181 2192 norisio,
201 2113 274 2177 aine
299 2132 362 2194 qua
384 2135 445 2177 neo
459 2113 576 2178 Iudaei
590 2127 724 2196 possunt
738 2111 860 2180 saivari
882 2113 925 2197 (o.
942 2116 1109 2198 24-27.).

49 2207 143 2285 Quodsi
163 2212 346 2298 Prophetae
367 2218 487 2282 eadem
504 2219 622 2284 docent
643 2239 681 2283 au
696 2215 814 2296 Mores,
837 2217 871 2282 id
886 2231 1016 2301 propter
1031 2239 1110 2282 ean·

22 2315 99 2400 *uun
124 2321 221 2386 oordis
249 2321 402 2387 duritiam
429 2303 551 2388 iaciunt
579 2323 622 2407 (ι.
646 2323 723 2406 27.).
768 2320 858 2387 Vera
882 2323 1011 2406 justitia
1039 2321 1111 2388 sola

44 2441 87 2500 peu
105 2421 251 2488 Christum
274 2441 495 2508 comparatur,
527 2427 691 2492 Christum
718 2438 826 2490 autom
850 2424 1029 2492 uolentibus
1051 2425 1111 2491 lex

44 2524 161 2607 muso,
191 2532 268 2613 quia
293 2528 470 2597 Christiani
492 2531 599 2619 legem
621 2545 788 2614 aeternam
810 2551 869 2614 per
892 2528 1014 2595 Christi
1035 2551 1111 2618 gm-

45 2630 102 2694 tium
121 2633 292 2700 observant
315 2639 356 2712 (a.
380 2638 545 2721 28-31.).
591 2633 700 2702 Tanta
720 2623 819 2721 igitur
841 2632 894 2699 est'
913 2631 1034 2699 Christi
1048 2625 1129 2718 pro-³

43 2735 139 2813 testim
165 2761 247 2822 quaa
277 2741 308 2803 si
329 2753 420 2806 tanta
446 2745 481 2806 in
497 2725 605 2826 padam
628 2743 699 2826 ojus
722 2739 863 2804 adventu
884 2739 960 2820 tait,
990 2751 1109 2823 quanto
1170 2809 1185 2831 0

43 2843 122 2926 magis
148 2843 323 2928 aliqnando
345 2844 380 2910 in
403 2847 543 2910 secondo
573 2848 634 2944 orit
655 2843 798 2930 gloriosa
826 2845 868 2926 (o.
881 2838 972 2926 '3i.).
1017 2841 1110 2908 Duos
1141 2889 1145 2913 ,

43 2963 96 3008 taso
116 2945 233 3013 Christi
256 2947 432 3029 adventus,
463 2951 664 3034 eundemque
686 2945 863 3012 Dominum
892 2959 925 3011 et
946 2945 1054 3011 Deum
1078 2957 1111 3009 et
1180 2993 1206 3018 ,-
1236 3015 1238 3022 ,

43 3047 211 3118 adorandum
233 3054 298 3118 dici
321 3051 532 3138 expluribus
555 3041 691 3118 Pt'nlma‘r
713 3051 826 3131 docet,
857 3073 937 3134 quos
959 3047 993 3115 in
1015 3047 1110 3115 Sato-

43 3167 130 3217 Ιιιοιιι
150 3171 249 3244 negat
271 3161 465 3244 eonvenite,
487 3173 523 3223 ut
545 3162 598 3242 qui
621 3179 686 3222 non
708 3155 813 3222 solum
836 3177 902 3221 non
925 3153 1033 3221 tantais
1054 3155 1111 3221 sed

43 3257 116 3325 thom
136 3264 272 3328 vitiosus
294 3262 391 3328 fuerit
413 3285 451 3329 ao
472 3285 551 3328 vero
569 3262 754 3328 Christiano
778 3259 943 3326 dissimilis
965 3263 1007 3346 (o.
1024 3265 1111 3326 ³2-

43 3363 99 3440 35·)·
140 3363 296 3442 Quamvis
320 3371 406 3436 enim
436 3371 535 3434 etiam
556 3370 592 3431 in
616 3365 809 3432 Christianis
835 3363 972 3448 improbi
995 3365 1112 3429 dentur
1189 3357 1191 3362 ’

43 3475 112 3547 itque
138 3469 316 3553 haeretiei,
347 3487 457 3538 tamen
486 3475 570 3538 istae
599 3470 755 3538 haereses
779 3467 967 3550 Catholioos
989 3472 1024 3535 in
1045 3469 1110 3536 fide

42 3575 119 3657 nogia
146 3571 358 3656 confir-stant,
387 3591 500 3662 utpote
531 3593 552 3641 n
583 3575 711 3642 Christo
741 3573 926 3660 praedictae
955 3578 998 3658 (o.
1030 3575 1110 3657 35.).

41 3669 140 3760 Legem
168 3682 313 3746 ostendit
332 3677 481 3768 figotroto
510 3703 622 3746 eorum
652 3701 742 3760 esse,
772 3683 855 3766 quae
883 3679 925 3745 ud
948 3675 1112 3744 Christum

40 3781 215 3865 pertineant,
239 3797 273 3849 et
293 3785 393 3852 finem
414 3785 568 3874 hahuisse
590 3789 625 3851 in
649 3783 792 3864 Christo,
815 3788 886 3850 sino
910 3807 972 3869 quo
995 3783 1114 3852 Iudaei

40 3876 131 3949 frustm
158 3888 301 3956 salutem
329 3890 391 3956 sibi
417 3893 607 3976 promittunt
629 3893 671 3977 (ι.
695 3889 850 3972 36—45).
895 3879 1037 3968 Fatetur,
1053 3889 1110 3971 jau-

40 3990 92 4066 noa,
112 3995 162 4074 qui
184 4007 262 4060 ante
283 3993 391 4083 legem
415 4009 448 4060 et
469 3997 529 4062 sub
550 3997 625 4085 lego
647 3996 788 4076 inerunt,
811 3993 950 4073 salvari,
973 3991 1032 4060 sed
1046 3987 1112 4076 pet
1222 4034 1225 4040 ·

42 4083 186 4172 vinnom
210 4121 316 4184 neque
332 4113 442 4186 negat,
464 4100 602 4166 salutem
617 4101 798 4185 adepturos,
819 4101 904 4184 siqui
923 4095 1024 4185 legem
1038 4115 1111 4160 oum

38 4187 89 4263 tue
105 4197 138 4264 in
157 4198 319 4268 cumeum
341 4207 539 4292 conjungant
560 4207 604 4290 (ι.
626 4205 793 4288 45-48.).

103 4304 131 4388 h·
152 4315 251 4386 ma
294 4309 390 4406 Quae
418 4309 576 4380 hactenus
593 4307 750 4378 tutunus
779 4307 926 4387 dixerat,
956 4305 998 4372 ad
1025 4303 1112 4368 reiu-

850 4420 908 4520 ⁹}
