2686 4794
462 304 466 322 Ι
525 323 528 334 Ι

155 453 223 506 tum
245 437 460 510 confessionis
489 445 657 510 eventum
689 455 756 500 non
779 435 864 518 quod
886 447 1076 515 tormenta,
1107 457 1194 520 quae
1215 442 1264 504 iu·

155 542 362 632 ferebantur,-
375 561 572 626 rrregnopere
595 541 794 616 timeremus,
816 537 1048 622 sedquoniam
1072 542 1203 606 exitum
1216 547 1265 606 rei

95 724 96 732 ἵ
156 651 264 714 animo
287 646 538 730 prospicientes,
562 643 676 725 nequis
698 655 882 722 corrueret,
905 642 1119 718 verebamur.
1167 643 1264 710 Curu-

62 827 64 834 y
155 749 439 838 prebendebnutur
471 747 631 831 qnotidie,
666 747 719 828 qui
751 744 840 832 digni
873 759 983 826 eraut,
1019 761 1059 812 ut
1093 769 1262 814 numerum

157 877 267 920 eorum
299 851 573 936 supplerent...
625 849 803 932 Praecipue
833 862 943 914 tamen
972 851 1069 939 vulgi
1100 875 1141 917 uu
1170 875 1262 936 prae·

127 943 139 1029 .’
156 961 235 1026 aidis
258 971 291 1022 et
311 956 449 1020 militum
471 955 560 1018 furor
580 956 752 1018 universus
772 952 917 1020 inoubuit
937 958 972 1020 in
985 953 1161 1034 Sorsetuss,
1184 956 1261 1022 Dia·

156 1085 272 1152 oonum
299 1059 541 1133 Viennensem
569 1071 602 1122 et
628 1061 663 1122 iu
690 1059 870 1138 Macares,
901 1059 1106 1144 neophytum
1130 1062 1260 1144 quidem

155 1169 267 1247 illum,
297 1166 356 1230 sed
385 1165 670 1251 generosissimum
703 1161 911 1228 nibilominus
940 1164 1101 1251 pugilem,
1123 1164 1259 1249 Christi3

155 1278 189 1340 lu
217 1269 365 1335 Aetolum
392 1289 517 1352 qnoque
547 1269 652 1350 petria
678 1265 932 1352 Pergamenum,
960 1272 1016 1352 qui
1047 1268 1202 1334 oolumua
1228 1283 1259 1334 et

155 1377 394 1443 firmamentum
428 1371 588 1436 eeclesiae
619 1384 750 1436 noemae
778 1391 905 1458 semper
932 1371 1015 1448 infin
1053 1373 1257 1457 deniqnetin

156 1477 418 1554 Blandianus,
441 1497 499 1558 per
520 1495 615 1558 quam
631 1473 780 1540 Christus
803 1469 953 1556 ostendit,
977 1499 1065 1560 quae
1089 1477 1183 1558 vilia,
1203 1479 1256 1542 de-

124 1659 128 1674 ·
154 1585 288 1660 latmia,
317 1591 544 1662 oontenrtaque
567 1577 751 1644 bominibus
773 1578 937 1658 videntur,
962 1603 1004 1644 ea
1027 1585 1179 1648 martimo
1200 1582 1255 1655 lio·

157 1706 237 1754 nure
260 1685 346 1749 affici
369 1705 389 1748 a
411 1681 485 1748 Deo
508 1697 638 1765 propter
667 1683 886 1752 excellentem
909 1705 988 1770 erga
1009 1688 1121 1768 ipsum
1142 1689 1254 1752 uerita·

157 1806 233 1868 tem,
265 1809 348 1873 quae
377 1789 411 1851 iu
441 1789 559 1850 virtute
588 1791 794 1871 potentieque
825 1788 1020 1868 ostenditur,
1054 1811 1122 1855 nou
1150 1793 1253 1874 speria

156 1897 247 1962 iuaui
269 1893 438 1980 gloriatur.
481 1887 565 1956 Nam
587 1910 659 1964 eum
681 1893 825 1958 universi
847 1893 1103 1976 trepidaremus,
1125 1897 1253 1980 ipsaque

157 1999 246 2087 illius
274 1995 461 2080 tenrporalis
494 1995 641 2073 domina,
677 2019 761 2080 quae
790 2009 822 2060 et
850 1999 920 2081 ipse
948 2019 1094 2062 unacum
1123 1997 1252 2080 reliquis

156 2101 350 2186 martyribus
365 2115 497 2164 strenue
519 2099 695 2186 pugnabat,
718 2100 917 2179 formidaret,
941 2123 982 2164 ue
1004 2101 1069 2166 illa
1092 2101 1135 2166 ob
1153 2103 1251 2165 tenui·

156 2223 255 2274 tutem
277 2207 420 2289 eorporis
442 2203 579 2268 liberum
602 2204 837 2268 confessionem
860 2205 957 2268 edere
974 2227 1041 2270 nou
1057 2205 1199 2290 valeret;
1216 2249 1248 2268 ..

157 2313 254 2378 beata
275 2310 346 2389 ille,
369 2311 472 2372 instar
493 2309 646 2392 generosi
668 2308 834 2391 eujusdam
857 2307 1012 2386 athletae,
1036 2312 1073 2374 iu
1092 2311 1164 2393 ipsa
1178 2329 1248 2374 oon·

156 2419 299 2482 laesione
314 2415 511 2495 vireantqne
534 2413 660 2478 animos
682 2411 883 2486 resumebam
906 2424 1041 2496 eratque
1065 2417 1098 2478 ei
1120 2413 1246 2478 relectio

157 2535 190 2585 et
219 2521 326 2602 quies,
354 2537 553 2598 sensumque.
579 2537 708 2582 omnem
736 2519 916 2598 praesentis
944 2517 1069 2585 doloris
1092 2518 1247 2584 adimebat

79 2613 82 2628 '
157 2621 294 2705 prolatio
317 2619 430 2686 borum
457 2619 646 2683 verborum:
678 2618 865 2684 Christiana
886 2641 967 2699 ross,
991 2633 1022 2686 et
1052 2621 1138 2687 nibil
1166 2620 1247 2706 apud

61 2791 68 2808 ,
156 2745 211 2789 nor
231 2723 312 2788 moli
332 2723 497 2808 geritur.“

242 2817 402 2913 §saitis
446 2825 652 2905 „Serretes
682 2851 758 2892 vero
787 2829 864 2908 ille,
895 2852 966 2894 unm
997 2844 1031 2895 et
1060 2833 1131 2914 ipse
1153 2847 1242 2912 supra

156 2935 329 2998 buurnnum
357 2931 486 2996 modum
514 2944 646 3010 ennete,
675 2955 758 3016 qnae
781 2933 822 2998 eb
852 2934 1036 2999 bominibus
1068 2932 1241 3019 exoogitari

154 3047 343 3121 potuerant,
366 3035 492 3130 sortiter
513 3039 702 3116 sustineret,
725 3038 927 3122 sperantibus
945 3039 1016 3121 jam
1039 3041 1164 3122 impiis,
1185 3033 1241 3098 ali·

156 3141 230 3226 quid
252 3163 288 3206 se
310 3141 496 3206 iudaeorum
524 3153 619 3222 atque
641 3139 790 3206 illicitum
813 3165 858 3210 ex
882 3165 921 3207 eo
942 3143 1112 3208 audituros
1133 3141 1174 3205 ob
1196 3140 1241 3202 nin

33 3315 36 3322 ,
156 3249 252 3308 ruriam
275 3247 339 3308 viru
363 3257 397 3309 at
418 3245 667 3330 magnitudinem
691 3249 904 3322 eruciatunm3
929 3259 1019 3311 tanta
1032 3247 1183 3311 firuritate
1198 3243 1240 3304 eis

154 3351 286 3428 restitit,
308 3361 343 3412 ut
366 3371 425 3414 nee
447 3371 551 3428 suunt,
574 3371 634 3414 nee
655 3353 763 3436 gentis
785 3363 841 3416 eut
863 3353 1020 3431 civitatis,
1042 3373 1090 3416 ex
1111 3365 1172 3432 qun
1193 3367 1237 3407 es·

154 3467 205 3518 set
221 3453 386 3532 oriundus,
410 3475 623 3531 nomen‚.ueu
645 3449 752 3520 utrum
774 3477 886 3522 servin
909 3470 997 3520 esset
1019 3477 1062 3524 en
1075 3457 1238 3539 ingenuus,
1314 3497 1315 3502 ι

153 3557 337 3641 prolocutus
360 3561 418 3637 sit,
441 3560 497 3624 sed
520 3560 561 3624 ad
584 3581 696 3626 omnes
718 3563 990 3648 interrogationes
1012 3561 1158 3626 Romana
1178 3553 1234 3617 lin·

118 3713 120 3720 r
153 3685 219 3750 gne
240 3663 457 3744 responderit:
486 3661 686 3728 Christianos
708 3687 784 3730 rum.
830 3665 903 3730 lloe
932 3663 995 3730 sibi
1023 3683 1158 3736 nomeu,
1184 3676 1241 3740 ptr.

155 3769 268 3846 triam,
299 3787 420 3853 genus,
450 3769 572 3835 onmia.
589 3769 727 3852 denique
756 3792 829 3836 esse
858 3769 995 3834 subinde
1025 3765 1233 3852 profitebatur,

155 3895 259 3955 neque
288 3871 387 3936 aliam
413 3893 527 3936 vorem
548 3873 590 3938 nb
613 3895 652 3938 eo
679 3873 820 3958 gentiles
848 3871 1233 3958 extorquerentuemnr.

154 3976 259 4072 Quam
289 3978 387 4040 etiam
411 3975 453 4040 ob
480 3999 610 4042 earrsarn
640 3981 785 4044 maxima
807 3979 962 4044 adversus
983 3977 1075 4043 illurn
1096 3987 1128 4039 et
1147 3988 1231 4054 prae·

138 4081 233 4147 ,sitis
256 4093 466 4146 attentorum
486 4083 666 4162 pertinacia
686 4082 806 4150 luroris
829 4085 971 4161 exarsit,
994 4083 1077 4146 adeo
1098 4091 1146 4156 nt,
1167 4089 1231 4138 enm

32 4225 37 4234 ·
133 4185 236 4250 =nibil
259 4183 394 4267 emplius
416 4186 493 4279 ¹ipnia
516 4199 717 4267 superesset,
741 4211 803 4272 quo
826 4187 918 4254 illum
942 4194 1139 4271 torquerent,
1159 4195 1226 4242 tw·
