2686 4794
621 229 834 404 ..eug

176 511 302 596 ditqne,
333 529 389 576 cnr
417 507 509 574 Dour
538 505 698 572 Israelitis
723 501 904 578 Mosaioanr
934 508 1119 587 imposuerit
1145 506 1254 595 legem,

129 671 135 686 ,
178 628 275 698 etque
297 611 338 678 sb
360 605 428 677 illis
450 611 590 676 voluerit
611 607 758 672 victimas
778 609 900 686 offerri,
922 610 1017 675 sicnti
1037 631 1058 676 o
1077 608 1256 676 Christianis

177 713 439 784 Mariorum
461 717 604 798 corporis
626 725 659 778 et
680 715 846 800 sanguinis
867 711 989 780 Christi
1010 715 1196 782 sacrificinm
1216 719 1255 799 (.

139 891 144 914 .
177 821 322 902 9-20.).
367 819 478 891 Variis
492 832 566 904 post
587 818 670 882 haee
693 816 882 900 Scripturas
900 817 982 884 locis
996 819 1257 884 universalitatem
1315 813 1316 816 '

62 957 64 962 s
176 887 346 1012 religiosi·
375 921 572 988 christianae
600 935 667 989 tam
697 923 739 987 ad
766 922 909 990 ludaeos
932 945 1027 1008 qnam
1049 925 1091 990 arl
1111 923 1256 990 Ethnieor

175 1032 367 1116 pertinentia
387 1013 599 1106 demonstrat,
622 1039 719 1112 atque
735 1037 857 1108 monet,
879 1041 916 1094 nt
936 1031 1063 1112 poenis,
1084 1051 1162 1114 qaas
1175 1027 1257 1094 Dens

175 1140 210 1202 in
239 1131 344 1199 reteri
372 1143 565 1198 testamento
596 1132 765 1210 sumserit,
797 1133 996 1214 erudiamur,
1030 1123 1256 1200 ministravero

40 1247 42 1256 '
177 1233 301 1307 Christi
340 1236 593 1302 misericordiam
633 1249 873 1324 exaggerantes
902 1239 1061 1322 judicium
1093 1252 1255 1316 tenor-nr,
1321 1261 1322 1270 ¹

107 1403 110 1415 .
177 1367 249 1412 curn
271 1345 377 1428 major
400 1343 475 1407 novi
499 1344 687 1406 testamenti
708 1343 814 1428 gratia
835 1345 990 1426 maJ'orem
1013 1346 1112 1408 etiam
1132 1363 1153 1407 a
1174 1337 1256 1406 nobis

175 1448 407 1535 perfectionem
435 1449 550 1534 exigat
576 1450 618 1532 (c.
642 1447 808 1530 20—28.).
853 1445 984 1512 Deinde
1013 1447 1096 1512 alias
1122 1445 1256 1510 Marcio·

175 1554 227 1618 m'r
256 1553 458 1637 objectiones
485 1551 635 1631 resolvit·
653 1551 853 1640 reiutatque,
908 1549 1027 1616 rohons
1059 1554 1256 1634 potissimam,

68 1645 74 1653 ¹
176 1675 270 1744 qoam
295 1663 448 1722 'accurato
475 1657 629 1720 votieima
650 1653 691 1719 V.
716 1653 756 1718 Τ.
781 1655 887 1739 Proph
908 1668 1012 1720 taram
1034 1657 1071 1720 in
1093 1677 1177 1728 novo
1196 1653 1258 1719 loc·

177 1763 253 1828 dero
281 1759 455 1844 adimpleta
484 1761 559 1826 sint.
604 1757 665 1823 Pro
689 1769 777 1823 corta
800 1771 907 1823 antem
932 1758 1050 1847 regala
1070 1759 1113 1826 acl
1134 1779 1258 1846 cognos-

176 1866 310 1932 cendam
337 1864 451 1930 herum
477 1886 584 1929 rernm
612 1868 780 1930 veritatem
808 1860 924 1930 iteruin
951 1867 1174 1930 anctoritatem
1199 1859 1258 1928 Eo·

176 1969 295 2034 cletiro
324 1981 357 2052 et
385 1967 558 2034 infallibile
589 1971 660 2055 ejus
687 1969 907 2055 magisterium
936 1969 1148 2033 commendat.
1196 1965 1257 2032 De·

176 2076 274 2160 nique
302 2069 437 2137 liber-stra
463 2069 596 2138 hominis
626 2072 798 2138 arbitrium
825 2073 978 2138 adversus
1008 2071 1181 2140 Gnosticor
1207 2071 1257 2136 ‹le-

174 2180 335 2258 incolitur,
366 2190 400 2242 et
427 2199 537 2242 eornm
559 2177 737 2243 nonnullae
760 2180 965 2261 quaestiones
987 2177 1218 2254 resolvuntur,¹
1232 2197 1257 2239 e.

175 2307 224 2373 gr.
269 2281 336 2350 Cur
358 2304 423 2348 non
446 2282 487 2346 ab
509 2284 602 2346 initio
625 2281 784 2365 perlectos
806 2281 901 2346 homo
922 2283 1045 2357 iactum
1068 2303 1125 2348 cnr
1145 2282 1258 2346 demna

176 2381 330 2455 facultate
351 2385 516 2472 praeditas
538 2387 582 2451 sit
602 2387 706 2452 libere
730 2387 872 2474 eligendi
893 2390 964 2454 sivo
982 2389 1103 2454 honam
1118 2389 1185 2452 sire
1198 2407 1257 2450 mo·

176 2493 260 2568 lnm;
291 2513 333 2556 an
355 2513 438 2557 nnus
460 2492 608 2575 idemque
629 2495 731 2576 possit
753 2515 827 2558 esse
849 2491 953 2571 Dens,
976 2495 1031 2576 qni
1051 2490 1195 2575 reprobis
1214 2493 1258 2554 in·

176 2597 269 2684 iligat
290 2617 421 2680 poenas,
446 2609 481 2660 et
501 2599 643 2678 praemia
666 2596 779 2696 electis
800 2597 920 2662 tribnat
941 2597 982 2674 (c.
1006 2598 1175 2679 29-41.).

609 2824 652 2868 oe.
670 2768 779 2869 ¹Libri
807 2803 841 2868 V.

267 2941 296 3029 §-
318 2951 428 3021 220⁶
471 2941 522 3008 Ab
545 2943 641 3028 hujus
669 2943 745 3010 libri
768 2945 903 3012 exordio
926 2941 1082 3030 irenaeus
1104 2965 1161 3028 pro
1184 2955 1261 3008 certo

177 3050 279 3136 ponit,
303 3045 468 3114 Christum
490 3046 595 3114 solam
617 3053 759 3134 potuisse
783 3073 838 3131 ea,
869 3071 951 3134 quae
979 3051 1031 3115 sui
1052 3049 1160 3116 Patris
1186 3057 1262 3122 ιιιιιιι,

62 3171 68 3183 ·
178 3155 312 3234 docere,
335 3156 447 3237 argui
469 3149 559 3218 solus
581 3157 737 3240 sanguine
761 3177 819 3221 suo
843 3175 902 3220 nos
924 3153 1074 3219 redemit.
1120 3153 1261 3220 Praeser-

132 3292 137 3299 ·
178 3260 236 3326 tim
258 3257 375 3348 dogma
396 3257 523 3338 futurae
545 3258 871 3323 rerurrectionis
893 3259 1046 3324 adversus
1062 3253 1263 3324 Valentinia-

177 3386 239 3430 nos
252 3361 367 3449 probat
381 3363 589 3429 validissimis
602 3366 811 3450 argumentis,
825 3365 933 3447 petitis
949 3363 1104 3428 nimirum
1119 3385 1171 3443 eo,
1187 3357 1264 3447 qnotl

177 3491 255 3534 vera
268 3479 306 3533 ac
321 3467 526 3564 substantiali
542 3467 663 3534 Christi
676 3490 773 3533 carne
797 3479 891 3552 atque
913 3469 1073 3555 sanguine
1096 3469 1131 3533 in
1144 3463 1263 3532 Eucha·
1320 3493 1322 3504 ι

177 3577 268 3640 ristia
278 3573 435 3652 fraenum
452 3573 637 3662 qnodlleus
649 3595 751 3657 aeque
762 3586 877 3656 potens
890 3575 978 3638 sitae
990 3571 1111 3648 bonos;
1126 3569 1263 3656 quodve·

178 3681 255 3746 teris
270 3684 457 3746 testamenti
469 3683 563 3768 signa
587 3693 620 3744 et
642 3681 713 3763 ojus
729 3680 778 3742 rei
801 3679 890 3761 qnasi
914 3691 1014 3744 testes
1036 3675 1178 3762 (Enoch,
1201 3669 1265 3742 ΕΠ·

177 3808 247 3872 arn,
269 3785 401 3870 Jonam)
423 3785 618 3859 habeamus3
648 3783 732 3868 qnod
753 3785 880 3868 integer
908 3803 945 3846 ac
968 3795 1054 3847 totns
1077 3777 1266 3846 christianus

177 3889 274 3955 homo
289 3891 427 3976 ideoque
442 3913 555 3976 corpus
570 3892 668 3955 etiam
690 3910 761 3954 oum
777 3889 886 3953 anima
901 3888 996 3953 simul
1009 3889 1134 3976 gratiae
1150 3881 1264 3953 sancti·

177 3991 303 4061 licentis
318 3999 476 4080 particeps
500 4007 533 4060 et
555 3993 709 4078 templum
724 3993 789 4059 Dei
811 3993 881 4073 liat,
904 3991 989 4078 quod
1006 3993 1145 4075 denique
1159 4006 1264 4072 corpo·

177 4097 256 4167 ralis
279 4097 400 4167 Christi
427 4101 621 4164 resurrectio
646 4112 788 4163 nostram
812 4097 906 4164 nobis
934 4097 1208 4183 praesignaverit,
1236 4099 1266 4152 et

177 4227 271 4272 sacra
293 4205 429 4290 Spiritus
459 4205 564 4270 sancti
593 4203 694 4284 dona,
725 4223 806 4288 qnae
835 4203 1025 4286 accipimus,
1054 4211 1178 4265 eertum
1206 4197 1266 4261 siat
