2614 4790
587 195 797 354 Q

98 485 99 493 ¹
150 461 240 528 velut
261 461 314 526 De
342 463 471 526 animae
494 471 627 538 nenne,
655 460 696 540 do
718 461 790 544 ejus
813 472 885 542 post
912 471 1048 524 mortem
1070 471 1157 524 statu
1178 471 1240 524 etc.

91 633 98 660 Ι
148 567 359 640 &merueram
376 565 496 647 itaque
525 575 641 630 cuncte
663 579 703 628 en
725 566 897 642 continuit,
920 587 1002 646 quae
1024 562 1184 628 Eusebius
1205 565 1239 627 iu

151 694 192 736 ea
213 671 361 735 oratione
384 689 479 752 quam
501 667 629 732 InstIno
652 667 763 732 tribuit
784 668 828 756 (b.
854 669 929 748 122)
956 667 1241 734 animadverterat.

149 778 194 842 Et
214 796 286 840 cnm
303 775 375 858 jam
389 770 521 836 Plotius
542 770 639 852 (Cod.
655 771 825 855 XLVIII.)
847 785 996 852 testatur,
1016 771 1109 838 illum
1122 771 1243 836 librum

149 879 201 946 De
227 877 378 942 Unam
399 875 440 940 ab
463 874 538 940 aliis
561 897 634 942 esse
656 877 681 940 F
683 875 770 940 lnvio
791 874 937 960 Jasepla,
960 877 1001 942 ab
1024 875 1098 954 aliis
1120 873 1157 940 8.
1179 876 1241 940 Ja-

61 1036 67 1066 ,
148 984 232 1050 stina
253 993 309 1048 sut
331 979 467 1044 Irenaeo
489 982 704 1056 accersitum
726 981 799 1046 ficri
821 983 952 1046 omnino
974 985 1093 1064 potnit,
1116 993 1152 1046 nt
1172 983 1241 1046 Eu·

148 1087 259 1154 sebius
287 1087 357 1150 viso
385 1083 496 1168 aliquo
516 1086 685 1168 ¹ejusmodi
709 1085 907 1170 exemplari,
936 1086 1018 1169 quod
1040 1085 1159 1150 Justini
1182 1107 1242 1150 no·

149 1213 224 1256 men
253 1189 336 1254 lorte
364 1187 629 1271 praeseferebat,l
653 1168 805 1274 decbptus
828 1191 885 1268 sit,
908 1201 941 1253 et
963 1189 998 1252 8.
1021 1189 1244 1273 Hieronymus

148 1294 346 1376 Photiusque
374 1292 543 1378 postmodo
574 1314 647 1357 eum
670 1295 912 1377 exscripserint.
957 1293 1244 1377 Aliuspraeteren

150 1399 270 1464 Iustini
298 1395 381 1460 liber
411 1395 564 1461 adversus
588 1383 736 1464 Gentiles
759 1397 800 1462 ub
822 1395 960 1464 Eusebia
980 1397 1003 1462 l.
1027 1397 1049 1462 l.
1080 1419 1242 1462 memore·

150 1516 218 1581 tur,
241 1519 336 1584 quem
357 1497 415 1564 ille
441 1497 765 1586 Cosssntatiansm
787 1503 1002 1586 inscripseritt
1032 1502 1090 1567 sed
1111 1501 1243 1585 plurimi

149 1603 222 1670 VV.
246 1603 322 1669 DI).
346 1603 431 1668 hanc
454 1603 641 1668 uernalium
664 1628 737 1672 esse
759 1608 987 1690 suspiciantur,
1018 1627 1112 1688 qnam
1135 1604 1242 1686 illum,

52 1777 71 1805 ἱ
151 1711 205 1793 qui
227 1707 399 1772 hodiedum
429 1720 523 1771 extat
544 1729 570 1771 s.
594 1719 617 1773 t.
642 1707 754 1773 Oratio
776 1710 821 1774 ad
844 1711 984 1773 Graecos
1005 1709 1049 1794 (o.
1071 1711 1174 1790 ’123.).
1197 1745 1244 1757 -

151 1815 234 1880 Sunt
254 1825 363 1878 sutem
385 1825 515 1894 praeter
536 1812 616 1891 bos,
639 1835 718 1896 quos
739 1815 835 1878 modo
857 1813 1010 1892 diximus,
1034 1813 1093 1878 alii
1114 1825 1243 1898 quoque

123 1909 300 1982 'nonnulli
327 1939 346 1980 a
375 1919 474 1982 venile
499 1915 712 1999 scriptoribus
741 1917 775 1980 8.
799 1917 926 1982 Iustino
954 1917 1090 2002 Martyri
1121 1917 1244 1981 adcen-

151 2023 206 2086 siti
234 2007 337 2086 libri(
370 2018 424 2085 Sic
451 2019 646 2087 Anastasius
676 2020 808 2085 Sinaita
836 2021 921 2086 Divo
950 2035 1059 2086 nostro
1088 2021 1246 2086 adscribit

152 2129 251 2191 etiam
285 2123 619 2216 Commentariun
644 2124 688 2188 in
719 2123 996 2189 Henadme'ron
1030 2149 1056 2191 s.
1091 2127 1125 2190 in
1160 2149 1245 2212 opus

151 2253 213 2296 sex
237 2230 378 2322 diorum,
401 2241 477 2313 pote
499 2231 696 2294 creationem
718 2229 838 2294 mnndi.
884 2227 950 2294 Sed
973 2249 1099 2294 errasse
1119 2232 1154 2294 in
1177 2229 1246 2296 hoc

150 2336 360 2422 Anstasium
380 2333 524 2417 plerique
547 2331 637 2398 nunc
653 2355 717 2397 non
739 2334 900 2398 immerito
917 2333 1067 2428 judicant
1085 2335 1147 2399 viri
1166 2356 1247 2402 cru·

152 2439 222 2504 diti.
268 2437 322 2502 Sic
350 2440 382 2502 iu
407 2435 502 2502 Tam.
533 2437 575 2502 II.
599 2438 682 2521 Opp.
714 2435 750 2502 8.
773 2435 916 2500 Matini
944 2437 1008 2504 loci
1038 2437 1161 2522 aliquot
1191 2440 1247 2506 sl-

150 2543 301 2628 legantur
323 2542 478 2606 orationis
499 2539 557 2604 De
573 2539 843 2625 procidentia
866 2549 902 2604 et
916 2539 1078 2623 side'ad
1093 2541 1249 2626 Euphra-

151 2639 233 2715 siom
257 2645 441 2728 sophistam
463 2645 623 2725 directae,
652 2627 743 2729 cujus
766 2647 864 2710 etiam
886 2641 1074 2725 Euthymios
1096 2645 1247 2733 Zignde·

150 2775 210 2816 nas
231 2751 290 2818 snb
307 2749 424 2816 Justini
446 2751 600 2833 Martyris
623 2751 753 2813 nomine
775 2751 972 2814 mentionem
986 2750 1080 2824 iscit3
1103 2753 1161 2815 sed
1178 2755 1248 2819 ists

152 2856 215 2920 alii
243 2856 369 2922 Iustino
397 2855 571 2940 putabilins
600 2853 799 2918 adscribitur.
846 2851 899 2918 Sic
927 2853 1027 2917 verbu
1054 2853 1249 2938 Hieronymi

152 2958 274 3040 (Catsl.
289 2983 316 3024 c.
329 2961 376 3042 9.)
390 2957 556 3043 „Scripsit
567 2995 610 3008 —-
622 2957 765 3024 Ioannes
778 2957 988 3044 Evangelists
999 2993 1043 3006 -
1054 2957 1247 3044 Apocalyp-

152 3065 219 3142 sin,
256 3083 349 3152 qaam
380 3055 639 3146 interpretantur
667 3061 813 3154 Jnstinns
842 3069 966 3142 martyr
994 3069 1025 3125 et
1054 3059 1246 3144 treunam,

152 3166 327 3237 nonnullos
348 3169 382 3231 in
406 3171 589 3250 opinionem
612 3167 832 3246 adduxerunt,
856 3164 1113 3252 Commentariun
1135 3167 1178 3234 ab
1202 3171 1247 3234 iis

154 3295 225 3338 esse
247 3275 414 3354 scriptum3
444 3274 509 3338 imo
531 3285 609 3338 vero
630 3271 666 3336 S.
681 3271 906 3354 Hieronymus
934 3293 999 3336 non
1022 3271 1062 3336 de
1084 3271 1247 3355 peculiari

152 3377 289 3461 quodem
312 3375 430 3442 Iustini
452 3399 566 3462 opere,
589 3377 647 3442 sed
669 3377 710 3440 de
731 3375 905 3460 explicatis
930 3374 1033 3440 uariis
1053 3375 1245 3460 Apocalyp-

151 3501 218 3545 seos
252 3480 332 3544 lacis
366 3480 515 3565 loquitur.
565 3483 680 3546 Petms
708 3479 847 3543 Balleia
862 3480 894 3560 ⁰)
923 3493 1052 3560 censet,
1084 3480 1119 3544 S.
1150 3481 1245 3546 Mar-

152 3599 255 3670 tyrem
290 3607 381 3651 susm
408 3608 480 3653 cum
509 3585 685 3652 Crescente
714 3583 907 3671 phiIosoplro
936 3582 1059 3648 Romae
1077 3583 1245 3651 *habiturn

152 3693 423 3756 concertationem
446 3689 553 3766 literis
573 3693 750 3767 mandasse,
774 3689 859 3773 quad
880 3691 949 3771 ipse
972 3711 1087 3773 nempe
1110 3689 1246 3773 dicat⁷)

152 3819 187 3862 sc
209 3809 355 3880 peratum
385 3819 457 3862 esse
485 3817 557 3860 cum
586 3795 645 3860 illo
673 3796 778 3860 denno
806 3815 989 3858 sermonem
1017 3793 1184 3874 conferre,
1215 3797 1247 3860 si

152 3901 375 3985 disputationis
402 3899 565 3983 colloquio
592 3899 634 3964 nd
654 3901 865 3982 imperatores
895 3919 960 3962 non
981 3899 1101 3964 fuerint
1122 3897 1245 3964 relata.

152 4059 359 4073 -1———0—-n

187 4075 189 4090 Ι

219 4147 329 4216 apuu
346 4151 372 4199 a
389 4143 600 4199 noeumane
619 4143 717 4200 tana
735 4143 835 4212 (nura
854 4145 929 4199 raca.
948 4143 986 4208 s.)
1004 4161 1030 4213 ρ.
1051 4146 1108 4198 aa.
1141 4111 1143 4116 ’

202 4235 248 4298 J)
266 4233 378 4303 Apolog.
396 4231 432 4284 11.
450 4247 474 4285 c.
492 4233 518 4298 ³,
536 4247 561 4301 p.
579 4234 623 4286 94.
1204 4233 1206 4240 ’
