<?xml version="1.0" encoding="UTF-8"?>
<!DOCTYPE html PUBLIC "-//W3C//DTD XHTML 1.0 Transitional//EN"
    "http://www.w3.org/TR/xhtml1/DTD/xhtml1-transitional.dtd">
<html xmlns="http://www.w3.org/1999/xhtml" xml:lang="en" lang="en">
 <head>
  <title>
</title>
<meta http-equiv="Content-Type" content="text/html;charset=utf-8" />
  <meta name='ocr-system' content='tesseract 3.04.00' />
  <meta name='ocr-capabilities' content='ocr_page ocr_carea ocr_par ocr_line ocrx_word'/>
</head>
<body>
  <div class='ocr_page' id='page_1' title='image "./bibliothecapatr00permgoog_0428.png"; bbox 0 0 2724 4796; ppageno 0'>
   <div class='ocr_carea' id='block_1_1' title="bbox 134 790 1236 1146">
    <p class='ocr_par' dir='ltr' id='par_1_1' title="bbox 134 790 1236 1146">
     <span class='ocr_line' id='line_1_1' title="bbox 266 790 1094 911; baseline 0 -30"><span class='ocrx_word' id='word_1_1' title='bbox 266 791 557 903; x_wconf 79' lang='lat' dir='ltr'><strong>Apollonios.</strong></span> <span class='ocrx_word' id='word_1_2' title='bbox 594 790 837 911; x_wconf 32' lang='lat' dir='ltr'><strong>‚Antoren</strong></span> <span class='ocrx_word' id='word_1_3' title='bbox 871 791 1094 881; x_wconf 82' lang='lat' dir='ltr'><strong>Urtoous.</strong></span> 
     </span>
     <span class='ocr_line' id='line_1_2' title="bbox 134 1002 1236 1146; baseline 0.001 -37"><span class='ocrx_word' id='word_1_4' title='bbox 134 1007 179 1120; x_wconf 68' lang='lat'><strong>12</strong></span> <span class='ocrx_word' id='word_1_5' title='bbox 240 1019 508 1138; x_wconf 79' lang='lat' dir='ltr'><strong>Apollonius</strong></span> <span class='ocrx_word' id='word_1_6' title='bbox 553 1002 932 1146; x_wconf 76' lang='lat' dir='ltr'><strong>lilontenistarun</strong></span> <span class='ocrx_word' id='word_1_7' title='bbox 965 1017 1236 1111; x_wconf 71' lang='lat' dir='ltr'><strong>debellator.</strong></span> 
     </span>
    </p>
   </div>
   <div class='ocr_carea' id='block_1_2' title="bbox 405 1245 954 1348">
    <p class='ocr_par' dir='ltr' id='par_1_2' title="bbox 405 1245 954 1348">
     <span class='ocr_line' id='line_1_3' title="bbox 405 1245 954 1348; baseline -0.004 -24"><span class='ocrx_word' id='word_1_8' title='bbox 405 1275 439 1324; x_wconf 86' lang='lat' dir='ltr'><strong>a.</strong></span> <span class='ocrx_word' id='word_1_9' title='bbox 492 1247 587 1324; x_wconf 78' lang='lat' dir='ltr'><strong>vita</strong></span> <span class='ocrx_word' id='word_1_10' title='bbox 614 1247 698 1342; x_wconf 83' lang='lat' dir='ltr'><strong>ejus</strong></span> <span class='ocrx_word' id='word_1_11' title='bbox 726 1259 766 1322; x_wconf 86' lang='lat' dir='ltr'><strong>et</strong></span> <span class='ocrx_word' id='word_1_12' title='bbox 791 1245 954 1348; x_wconf 79' lang='lat' dir='ltr'><strong>Scripta.</strong></span> 
     </span>
    </p>
   </div>
   <div class='ocr_carea' id='block_1_3' title="bbox 62 1433 1234 2991">
    <p class='ocr_par' dir='ltr' id='par_1_3' title="bbox 80 1433 1234 2571">
     <span class='ocr_line' id='line_1_4' title="bbox 219 1433 1233 1525; baseline 0 -23"><span class='ocrx_word' id='word_1_13' title='bbox 219 1437 247 1525; x_wconf 74' lang='lat' dir='ltr'><strong>§t</strong></span> <span class='ocrx_word' id='word_1_14' title='bbox 270 1445 374 1514; x_wconf 72' lang='lat' dir='ltr'><strong>m</strong></span> <span class='ocrx_word' id='word_1_15' title='bbox 418 1435 624 1523; x_wconf 77' lang='lat' dir='ltr'><strong>Apollonius,</strong></span> <span class='ocrx_word' id='word_1_16' title='bbox 652 1433 891 1502; x_wconf 77' lang='lat' dir='ltr'><strong>aeclesiasticus</strong></span> <span class='ocrx_word' id='word_1_17' title='bbox 914 1433 1080 1521; x_wconf 80' lang='lat' dir='ltr'><strong>Scriptor,&#39;</strong></span> <span class='ocrx_word' id='word_1_18' title='bbox 1106 1435 1159 1501; x_wconf 86' lang='lat' dir='ltr'><strong>oir</strong></span> <span class='ocrx_word' id='word_1_19' title='bbox 1180 1437 1233 1502; x_wconf 77' lang='lat' dir='ltr'><strong>(li-</strong></span> 
     </span>
     <span class='ocr_line' id='line_1_5' title="bbox 131 1539 1233 1627; baseline -0.001 -18"><span class='ocrx_word' id='word_1_20' title='bbox 131 1541 327 1609; x_wconf 79' lang='lat' dir='ltr'><strong>teriittt&#39;stue</strong></span> <span class='ocrx_word' id='word_1_21' title='bbox 355 1543 464 1627; x_wconf 83' lang='lat' dir='ltr'><strong>(quern</strong></span> <span class='ocrx_word' id='word_1_22' title='bbox 486 1555 614 1623; x_wconf 82' lang='lat' dir='ltr'><strong>uetera,</strong></span> <span class='ocrx_word' id='word_1_23' title='bbox 637 1544 708 1627; x_wconf 87' lang='lat' dir='ltr'><strong>quis</strong></span> <span class='ocrx_word' id='word_1_24' title='bbox 731 1541 828 1606; x_wconf 84' lang='lat' dir='ltr'><strong>fuerit</strong></span> <span class='ocrx_word' id='word_1_25' title='bbox 848 1539 946 1606; x_wconf 81' lang='lat' dir='ltr'><strong>ubive</strong></span> <span class='ocrx_word' id='word_1_26' title='bbox 967 1542 1101 1620; x_wconf 81' lang='lat' dir='ltr'><strong>vixerit,</strong></span> <span class='ocrx_word' id='word_1_27' title='bbox 1124 1545 1233 1608; x_wconf 86' lang='lat' dir='ltr'><strong>nasei-</strong></span> 
     </span>
     <span class='ocr_line' id='line_1_6' title="bbox 80 1643 1234 1734; baseline -0.001 -21"><span class='ocrx_word' id='word_1_28' title='bbox 80 1649 85 1656; x_wconf 79' lang='grc'>’</span> <span class='ocrx_word' id='word_1_29' title='bbox 130 1647 217 1730; x_wconf 88' lang='lat' dir='ltr'><strong>mus)</strong></span> <span class='ocrx_word' id='word_1_30' title='bbox 250 1645 402 1713; x_wconf 84' lang='lat' dir='ltr'><strong>Montani</strong></span> <span class='ocrx_word' id='word_1_31' title='bbox 432 1669 491 1712; x_wconf 89' lang='lat' dir='ltr'><strong>seu</strong></span> <span class='ocrx_word' id='word_1_32' title='bbox 523 1645 818 1734; x_wconf 62' lang='lat' dir='ltr'><strong>cataphrygum</strong></span> <span class='ocrx_word' id='word_1_33' title='bbox 849 1643 1003 1710; x_wconf 80' lang='lat' dir='ltr'><strong>haeresin</strong></span> <span class='ocrx_word' id='word_1_34' title='bbox 1036 1645 1139 1712; x_wconf 83' lang='lat' dir='ltr'><strong>atlhue</strong></span> <span class='ocrx_word' id='word_1_35' title='bbox 1171 1669 1234 1712; x_wconf 85' lang='lat' dir='ltr'><strong>sua</strong></span> 
     </span>
     <span class='ocr_line' id='line_1_7' title="bbox 130 1747 1234 1838; baseline -0.004 -18"><span class='ocrx_word' id='word_1_36' title='bbox 130 1763 242 1820; x_wconf 85' lang='lat' dir='ltr'><strong>aetate</strong></span> <span class='ocrx_word' id='word_1_37' title='bbox 264 1753 431 1838; x_wconf 77' lang='lat' dir='ltr'><strong>vigentem</strong></span> <span class='ocrx_word' id='word_1_38' title='bbox 452 1751 595 1818; x_wconf 78' lang='lat' dir='ltr'><strong>refutare</strong></span> <span class='ocrx_word' id='word_1_39' title='bbox 618 1771 789 1838; x_wconf 74' lang='lat' dir='ltr'><strong>aggressus</strong></span> <span class='ocrx_word' id='word_1_40' title='bbox 813 1747 987 1834; x_wconf 81' lang='lat' dir='ltr'><strong>peculiare</strong></span> <span class='ocrx_word' id='word_1_41' title='bbox 1007 1747 1160 1816; x_wconf 75' lang='lat' dir='ltr'><strong>odorrem</strong></span> <span class='ocrx_word' id='word_1_42' title='bbox 1182 1771 1234 1816; x_wconf 83' lang='lat' dir='ltr'><strong>eoa</strong></span> 
     </span>
     <span class='ocr_line' id='line_1_8' title="bbox 132 1845 1233 1944; baseline -0.001 -23"><span class='ocrx_word' id='word_1_43' title='bbox 132 1863 165 1921; x_wconf 82' lang='lat' dir='ltr'><strong>et</strong></span> <span class='ocrx_word' id='word_1_44' title='bbox 186 1853 314 1944; x_wconf 57' lang='lat' dir='ltr'><strong>ponde</strong></span> <span class='ocrx_word' id='word_1_45' title='bbox 334 1853 475 1919; x_wconf 70' lang='lat' dir='ltr'><strong>votum</strong></span> <span class='ocrx_word' id='word_1_46' title='bbox 505 1855 668 1936; x_wconf 76' lang='lat' dir='ltr'>condidit,</span> <span class='ocrx_word' id='word_1_47' title='bbox 700 1867 767 1922; x_wconf 89' lang='lat' dir='ltr'><strong>tum</strong></span> <span class='ocrx_word' id='word_1_48' title='bbox 789 1851 890 1919; x_wconf 85' lang='lat' dir='ltr'><strong>lalsas</strong></span> <span class='ocrx_word' id='word_1_49' title='bbox 911 1845 1117 1938; x_wconf 77' lang='lat' dir='ltr'><strong>prophetias,</strong></span> <span class='ocrx_word' id='word_1_50' title='bbox 1149 1877 1233 1939; x_wconf 86' lang='lat' dir='ltr'><strong>quaa</strong></span> 
     </span>
     <span class='ocr_line' id='line_1_9' title="bbox 133 1957 1233 2061; baseline 0 -35"><span class='ocrx_word' id='word_1_51' title='bbox 133 1959 175 2026; x_wconf 85' lang='lat' dir='ltr'><strong>ab</strong></span> <span class='ocrx_word' id='word_1_52' title='bbox 196 1959 265 2026; x_wconf 89' lang='lat' dir='ltr'><strong>illis</strong></span> <span class='ocrx_word' id='word_1_53' title='bbox 287 1959 613 2061; x_wconf 72' lang='lat' dir='ltr'><strong>circumferebantur,</strong></span> <span class='ocrx_word' id='word_1_54' title='bbox 636 1961 794 2026; x_wconf 80' lang='lat' dir='ltr'><strong>verbatim</strong></span> <span class='ocrx_word' id='word_1_55' title='bbox 818 1957 1019 2044; x_wconf 85' lang='lat' dir='ltr'><strong>expendens,</strong></span> <span class='ocrx_word' id='word_1_56' title='bbox 1042 1971 1109 2023; x_wconf 87' lang='lat' dir='ltr'><strong>turn</strong></span> <span class='ocrx_word' id='word_1_57' title='bbox 1132 1961 1233 2026; x_wconf 83' lang='lat' dir='ltr'><strong>vitatu</strong></span> 
     </span>
     <span class='ocr_line' id='line_1_10' title="bbox 132 2063 1233 2150; baseline 0.004 -20"><span class='ocrx_word' id='word_1_58' title='bbox 132 2073 304 2149; x_wconf 82' lang='lat' dir='ltr'><strong>moresque</strong></span> <span class='ocrx_word' id='word_1_59' title='bbox 327 2086 450 2145; x_wconf 88' lang='lat' dir='ltr'><strong>eornm,</strong></span> <span class='ocrx_word' id='word_1_60' title='bbox 474 2069 528 2150; x_wconf 86' lang='lat' dir='ltr'><strong>qui</strong></span> <span class='ocrx_word' id='word_1_61' title='bbox 550 2065 696 2132; x_wconf 86' lang='lat' dir='ltr'><strong>haeresis</strong></span> <span class='ocrx_word' id='word_1_62' title='bbox 718 2063 808 2132; x_wconf 92' lang='lat' dir='ltr'><strong>illius</strong></span> <span class='ocrx_word' id='word_1_63' title='bbox 831 2079 979 2132; x_wconf 74' lang='lat' dir='ltr'><strong>auctores</strong></span> <span class='ocrx_word' id='word_1_64' title='bbox 1000 2065 1143 2146; x_wconf 82' lang='lat' dir='ltr'><strong>fuerunt,</strong></span> <span class='ocrx_word' id='word_1_65' title='bbox 1167 2067 1233 2134; x_wconf 84' lang='lat' dir='ltr'><strong>dis·</strong></span> 
     </span>
     <span class='ocr_line' id='line_1_11' title="bbox 132 2169 1231 2256; baseline -0.001 -18"><span class='ocrx_word' id='word_1_66' title='bbox 132 2173 269 2238; x_wconf 76' lang='lat' dir='ltr'><strong>mtient.</strong></span> <span class='ocrx_word' id='word_1_67' title='bbox 286 2171 317 2249; x_wconf 77' lang='grc'><strong>1)</strong></span> <span class='ocrx_word' id='word_1_68' title='bbox 372 2169 594 2236; x_wconf 72' lang='lat' dir='ltr'><strong>Tertullianus</strong></span> <span class='ocrx_word' id='word_1_69' title='bbox 630 2171 664 2235; x_wconf 91' lang='lat' dir='ltr'><strong>in</strong></span> <span class='ocrx_word' id='word_1_70' title='bbox 701 2188 799 2254; x_wconf 86' lang='lat' dir='ltr'><strong>opere</strong></span> <span class='ocrx_word' id='word_1_71' title='bbox 836 2193 895 2236; x_wconf 92' lang='lat' dir='ltr'><strong>suo</strong></span> <span class='ocrx_word' id='word_1_72' title='bbox 932 2189 1017 2236; x_wconf 88' lang='lat' dir='ltr'><strong>nuno</strong></span> <span class='ocrx_word' id='word_1_73' title='bbox 1053 2171 1231 2256; x_wconf 65' lang='lat' dir='ltr'><strong>deperdito,</strong></span> 
     </span>
     <span class='ocr_line' id='line_1_12' title="bbox 132 2269 1231 2364; baseline 0.002 -22"><span class='ocrx_word' id='word_1_74' title='bbox 132 2275 216 2364; x_wconf 83' lang='lat' dir='ltr'><strong>quoti</strong></span> <span class='ocrx_word' id='word_1_75' title='bbox 243 2279 432 2359; x_wconf 81' lang='lat' dir='ltr'><strong>inscriptum</strong></span> <span class='ocrx_word' id='word_1_76' title='bbox 454 2275 515 2341; x_wconf 84' lang='lat' dir='ltr'><strong>iuit</strong></span> <span class='ocrx_word' id='word_1_77' title='bbox 543 2269 597 2339; x_wconf 86' lang='lat' dir='ltr'><strong>De</strong></span> <span class='ocrx_word' id='word_1_78' title='bbox 619 2273 755 2352; x_wconf 77' lang='lat' dir='ltr'><strong>emtori,</strong></span> <span class='ocrx_word' id='word_1_79' title='bbox 786 2295 843 2359; x_wconf 88' lang='lat' dir='ltr'><strong>per</strong></span> <span class='ocrx_word' id='word_1_80' title='bbox 865 2287 967 2340; x_wconf 89' lang='lat' dir='ltr'><strong>toturn</strong></span> <span class='ocrx_word' id='word_1_81' title='bbox 988 2273 1109 2340; x_wconf 85' lang='lat' dir='ltr'><strong>librum</strong></span> <span class='ocrx_word' id='word_1_82' title='bbox 1130 2279 1231 2360; x_wconf 84' lang='lat' dir='ltr'><strong>septi·</strong></span> 
     </span>
     <span class='ocr_line' id='line_1_13' title="bbox 130 2377 1232 2463; baseline 0 -15"><span class='ocrx_word' id='word_1_83' title='bbox 130 2403 219 2448; x_wconf 86' lang='lat' dir='ltr'><strong>muru</strong></span> <span class='ocrx_word' id='word_1_84' title='bbox 239 2384 274 2448; x_wconf 86' lang='lat' dir='ltr'><strong>in</strong></span> <span class='ocrx_word' id='word_1_85' title='bbox 299 2403 339 2448; x_wconf 88' lang='lat' dir='ltr'><strong>eo</strong></span> <span class='ocrx_word' id='word_1_86' title='bbox 360 2381 551 2461; x_wconf 67' lang='lat' dir='ltr'><strong>renatavit,</strong></span> <span class='ocrx_word' id='word_1_87' title='bbox 581 2391 618 2444; x_wconf 89' lang='lat' dir='ltr'><strong>ut</strong></span> <span class='ocrx_word' id='word_1_88' title='bbox 638 2377 804 2463; x_wconf 83' lang='lat' dir='ltr'><strong>Apollonii</strong></span> <span class='ocrx_word' id='word_1_89' title='bbox 834 2378 989 2444; x_wconf 84' lang='lat' dir='ltr'><strong>adversus</strong></span> <span class='ocrx_word' id='word_1_90' title='bbox 1011 2377 1232 2448; x_wconf 84' lang='lat' dir='ltr'><strong>Montanistss</strong></span> 
     </span>
     <span class='ocr_line' id='line_1_14' title="bbox 132 2481 1232 2571; baseline 0 -19"><span class='ocrx_word' id='word_1_91' title='bbox 132 2485 376 2552; x_wconf 73' lang='lat' dir='ltr'><strong>criminationes</strong></span> <span class='ocrx_word' id='word_1_92' title='bbox 398 2483 566 2550; x_wconf 82' lang='lat' dir='ltr'><strong>refutaret.</strong></span> <span class='ocrx_word' id='word_1_93' title='bbox 621 2483 782 2550; x_wconf 84' lang='lat' dir='ltr'><strong>Exerevit</strong></span> <span class='ocrx_word' id='word_1_94' title='bbox 803 2495 912 2549; x_wconf 86' lang='lat' dir='ltr'><strong>antem</strong></span> <span class='ocrx_word' id='word_1_95' title='bbox 934 2481 1129 2568; x_wconf 82' lang='lat' dir='ltr'><strong>Apollonius</strong></span> <span class='ocrx_word' id='word_1_96' title='bbox 1152 2509 1232 2571; x_wconf 87' lang='lat' dir='ltr'><strong>opus</strong></span> 
     </span>
    </p>

    <p class='ocr_par' dir='ltr' id='par_1_4' title="bbox 62 2587 1232 2991">
     <span class='ocr_line' id='line_1_15' title="bbox 103 2587 1232 2688; baseline 0.005 -36"><span class='ocrx_word' id='word_1_97' title='bbox 103 2587 219 2688; x_wconf 53' lang='lat' dir='ltr'><strong>tistutl</strong></span> <span class='ocrx_word' id='word_1_98' title='bbox 240 2611 268 2654; x_wconf 87' lang='lat' dir='ltr'><strong>e.</strong></span> <span class='ocrx_word' id='word_1_99' title='bbox 293 2607 323 2652; x_wconf 81' lang='lat' dir='ltr'><strong>a.</strong></span> <span class='ocrx_word' id='word_1_100' title='bbox 347 2593 431 2667; x_wconf 80' lang='lat'><strong>2¹0,</strong></span> <span class='ocrx_word' id='word_1_101' title='bbox 454 2587 611 2673; x_wconf 86' lang='lat' dir='ltr'><strong>siquidem</strong></span> <span class='ocrx_word' id='word_1_102' title='bbox 633 2591 703 2673; x_wconf 84' lang='lat' dir='ltr'><strong>ipae</strong></span> <span class='ocrx_word' id='word_1_103' title='bbox 726 2601 880 2672; x_wconf 68' lang='lat' dir='ltr'><strong>tentetur,</strong></span> <span class='ocrx_word' id='word_1_104' title='bbox 911 2601 986 2654; x_wconf 89' lang='lat' dir='ltr'><strong>tuno</strong></span> <span class='ocrx_word' id='word_1_105' title='bbox 1009 2611 1129 2656; x_wconf 89' lang='lat' dir='ltr'><strong>annum</strong></span> <span class='ocrx_word' id='word_1_106' title='bbox 1152 2613 1232 2676; x_wconf 83' lang='lat' dir='ltr'><strong>qua·</strong></span> 
     </span>
     <span class='ocr_line' id='line_1_16' title="bbox 62 2693 1231 2785; baseline 0.003 -25"><span class='ocrx_word' id='word_1_107' title='bbox 62 2774 66 2785; x_wconf 65' lang='lat'><em>,</em></span> <span class='ocrx_word' id='word_1_108' title='bbox 132 2693 350 2780; x_wconf 72' lang='lat' dir='ltr'><strong>dragesimam</strong></span> <span class='ocrx_word' id='word_1_109' title='bbox 378 2693 499 2773; x_wconf 69' lang='lat' dir='ltr'><strong>lause,</strong></span> <span class='ocrx_word' id='word_1_110' title='bbox 529 2715 575 2759; x_wconf 84' lang='lat' dir='ltr'><strong>ax</strong></span> <span class='ocrx_word' id='word_1_111' title='bbox 597 2715 659 2778; x_wconf 85' lang='lat' dir='ltr'><strong>quo</strong></span> <span class='ocrx_word' id='word_1_112' title='bbox 688 2693 866 2762; x_wconf 77' lang='lat' dir='ltr'><strong>Montanus</strong></span> <span class='ocrx_word' id='word_1_113' title='bbox 896 2693 1109 2761; x_wconf 76' lang='lat' dir='ltr'><strong>adulterinam</strong></span> <span class='ocrx_word' id='word_1_114' title='bbox 1139 2697 1231 2763; x_wconf 88' lang='lat' dir='ltr'><strong>illem</strong></span> 
     </span>
     <span class='ocr_line' id='line_1_17' title="bbox 131 2795 1231 2885; baseline 0.01 -24"><span class='ocrx_word' id='word_1_115' title='bbox 131 2795 332 2882; x_wconf 75' lang='lat' dir='ltr'><strong>prophetiam</strong></span> <span class='ocrx_word' id='word_1_116' title='bbox 355 2797 581 2864; x_wconf 83' lang='lat' dir='ltr'><strong>nommantitus</strong></span> <span class='ocrx_word' id='word_1_117' title='bbox 595 2797 711 2864; x_wconf 82' lang='lat' dir='ltr'><strong>luerat.</strong></span> <span class='ocrx_word' id='word_1_118' title='bbox 722 2799 755 2882; x_wconf 64' lang='grc' dir='ltr'><strong>Ι)</strong></span> <span class='ocrx_word' id='word_1_119' title='bbox 800 2798 906 2865; x_wconf 82' lang='lat' dir='ltr'><strong>Hodie</strong></span> <span class='ocrx_word' id='word_1_120' title='bbox 921 2800 1079 2868; x_wconf 88' lang='lat' dir='ltr'><strong>nonnulla</strong></span> <span class='ocrx_word' id='word_1_121' title='bbox 1094 2815 1231 2885; x_wconf 86' lang='lat' dir='ltr'><strong>tanturn,</strong></span> 
     </span>
     <span class='ocr_line' id='line_1_18' title="bbox 132 2899 972 2991; baseline 0.004 -25"><span class='ocrx_word' id='word_1_122' title='bbox 132 2923 215 2987; x_wconf 77' lang='lat' dir='ltr'><strong>quae</strong></span> <span class='ocrx_word' id='word_1_123' title='bbox 237 2899 570 2984; x_wconf 66' lang='lat' dir='ltr'><strong>Buritanorum,</strong></span> <span class='ocrx_word' id='word_1_124' title='bbox 592 2901 775 2991; x_wconf 80' lang='lat' dir='ltr'><strong>fragmenta</strong></span> <span class='ocrx_word' id='word_1_125' title='bbox 797 2917 923 2971; x_wconf 86' lang='lat' dir='ltr'><strong>extant.</strong></span> <span class='ocrx_word' id='word_1_126' title='bbox 939 2907 972 2988; x_wconf 79' lang='lat'><strong>⁸)</strong></span> 
     </span>
    </p>
   </div>
   <div class='ocr_carea' id='block_1_4' title="bbox 257 3237 1098 3344">
    <p class='ocr_par' dir='ltr' id='par_1_5' title="bbox 257 3237 1098 3344">
     <span class='ocr_line' id='line_1_19' title="bbox 257 3237 1098 3344; baseline 0.01 -34"><span class='ocrx_word' id='word_1_127' title='bbox 257 3237 302 3310; x_wconf 88' lang='lat' dir='ltr'><strong>·b.</strong></span> <span class='ocrx_word' id='word_1_128' title='bbox 350 3237 548 3315; x_wconf 89' lang='lat' dir='ltr'><strong>Nonnulla</strong></span> <span class='ocrx_word' id='word_1_129' title='bbox 575 3261 625 3314; x_wconf 89' lang='lat' dir='ltr'><strong>ex</strong></span> <span class='ocrx_word' id='word_1_130' title='bbox 651 3239 878 3336; x_wconf 76' lang='lat' dir='ltr'><strong>fragmentis</strong></span> <span class='ocrx_word' id='word_1_131' title='bbox 908 3255 1098 3344; x_wconf 82' lang='lat' dir='ltr'><strong>excerpta.</strong></span> 
     </span>
    </p>
   </div>
   <div class='ocr_carea' id='block_1_5' title="bbox 130 3423 1331 3632">
    <p class='ocr_par' dir='ltr' id='par_1_6' title="bbox 130 3423 1331 3632">
     <span class='ocr_line' id='line_1_20' title="bbox 218 3423 1331 3519; baseline 0.006 -25"><span class='ocrx_word' id='word_1_132' title='bbox 218 3423 247 3510; x_wconf 61' lang='grc' dir='ltr'><strong>ᾗ.</strong></span> <span class='ocrx_word' id='word_1_133' title='bbox 277 3433 381 3504; x_wconf 68' lang='grc'><strong>305.</strong></span> <span class='ocrx_word' id='word_1_134' title='bbox 432 3429 488 3496; x_wconf 82' lang='lat' dir='ltr'><strong>Ex</strong></span> <span class='ocrx_word' id='word_1_135' title='bbox 524 3432 636 3516; x_wconf 85' lang='lat' dir='ltr'><strong>paneis</strong></span> <span class='ocrx_word' id='word_1_136' title='bbox 669 3429 766 3515; x_wconf 83' lang='lat' dir='ltr'><strong>lrujus</strong></span> <span class='ocrx_word' id='word_1_137' title='bbox 803 3431 909 3514; x_wconf 86' lang='lat' dir='ltr'><strong>operis</strong></span> <span class='ocrx_word' id='word_1_138' title='bbox 940 3453 1023 3516; x_wconf 84' lang='lat' dir='ltr'><strong>quaa</strong></span> <span class='ocrx_word' id='word_1_139' title='bbox 1059 3447 1231 3519; x_wconf 77' lang='lat' dir='ltr'><strong>supersunt</strong></span> <span class='ocrx_word' id='word_1_140' title='bbox 1330 3441 1331 3489; x_wconf 62' lang='lat' dir='ltr'><strong>t</strong></span> 
     </span>
     <span class='ocr_line' id='line_1_21' title="bbox 130 3527 1330 3632; baseline 0.005 -38"><span class='ocrx_word' id='word_1_141' title='bbox 130 3527 322 3616; x_wconf 76' lang='lat' dir='ltr'><strong>fragmentis</strong></span> <span class='ocrx_word' id='word_1_142' title='bbox 343 3533 577 3632; x_wconf 66' lang='lat' dir='ltr'><strong>intelligimus,</strong></span> <span class='ocrx_word' id='word_1_143' title='bbox 609 3547 772 3600; x_wconf 83' lang='lat' dir='ltr'><strong>auctorem</strong></span> <span class='ocrx_word' id='word_1_144' title='bbox 800 3547 946 3602; x_wconf 76' lang='lat' dir='ltr'><strong>noenum</strong></span> <span class='ocrx_word' id='word_1_145' title='bbox 974 3537 1009 3604; x_wconf 86' lang='lat' dir='ltr'><strong>it</strong></span> <span class='ocrx_word' id='word_1_146' title='bbox 1030 3539 1231 3620; x_wconf 83' lang='lat' dir='ltr'><strong>potissimum</strong></span> <span class='ocrx_word' id='word_1_147' title='bbox 1329 3585 1330 3600; x_wconf 72' lang='grc'><strong>.</strong></span> 
     </span>
    </p>
   </div>
   <div class='ocr_carea' id='block_1_6' title="bbox 131 3739 390 3764">
    <p class='ocr_par' dir='ltr' id='par_1_7' title="bbox 131 3739 390 3764">
     <span class='ocr_line' id='line_1_22' title="bbox 131 3739 390 3764; baseline 0.012 -10"><span class='ocrx_word' id='word_1_148' title='bbox 131 3739 329 3756; x_wconf 57' lang='lat' dir='ltr'><strong>*aa</strong></span> <span class='ocrx_word' id='word_1_149' title='bbox 385 3753 390 3764; x_wconf 74' lang='grc'>,</span> 
     </span>
    </p>
   </div>
   <div class='ocr_carea' id='block_1_7' title="bbox 201 3876 1229 3962">
    <p class='ocr_par' dir='ltr' id='par_1_8' title="bbox 201 3837 1229 3962">
     <span class='ocr_line' id='line_1_23' title="bbox 201 3876 1229 3962; baseline 0.011 -28"><span class='ocrx_word' id='word_1_150' title='bbox 201 3881 230 3944; x_wconf 92' lang='grc'><strong>1)</strong></span> <span class='ocrx_word' id='word_1_151' title='bbox 247 3876 347 3938; x_wconf 70' lang='lat' dir='ltr'><strong>umet</strong></span> <span class='ocrx_word' id='word_1_152' title='bbox 366 3883 435 3940; x_wconf 77' lang='lat' dir='ltr'><strong>liist.</strong></span> <span class='ocrx_word' id='word_1_153' title='bbox 454 3885 519 3940; x_wconf 79' lang='lat' dir='ltr'><strong>seul.</strong></span> <span class='ocrx_word' id='word_1_154' title='bbox 544 3883 605 3939; x_wconf 71' lang='lat' dir='ltr'><strong>Irin.</strong></span> <span class='ocrx_word' id='word_1_155' title='bbox 624 3883 656 3939; x_wconf 81' lang='lat' dir='ltr'><strong>V.</strong></span> <span class='ocrx_word' id='word_1_156' title='bbox 684 3901 708 3938; x_wconf 88' lang='lat' dir='ltr'><strong>o.</strong></span> <span class='ocrx_word' id='word_1_157' title='bbox 729 3889 771 3940; x_wconf 83' lang='grc'><strong>11.</strong></span> <span class='ocrx_word' id='word_1_158' title='bbox 788 3886 861 3954; x_wconf 84' lang='lat' dir='ltr'><strong>init,</strong></span> <span class='ocrx_word' id='word_1_159' title='bbox 888 3885 929 3942; x_wconf 79' lang='lat' dir='ltr'><strong>et.</strong></span> <span class='ocrx_word' id='word_1_160' title='bbox 949 3887 1099 3946; x_wconf 78' lang='lat' dir='ltr'><strong>Zimmem.</strong></span> <span class='ocrx_word' id='word_1_161' title='bbox 1118 3907 1144 3962; x_wconf 90' lang='lat' dir='ltr'><strong>p.</strong></span> <span class='ocrx_word' id='word_1_162' title='bbox 1163 3893 1229 3956; x_wconf 70' lang='lat'><strong>³⁶23</strong></span> 
     </span>
    </p>
   </div>
   <div class='ocr_carea' id='block_1_8' title="bbox 130 3963 1228 4048">
    <p class='ocr_par' dir='ltr' id='par_1_9' title="bbox 130 3947 1328 4053">
     <span class='ocr_line' id='line_1_24' title="bbox 130 3963 1228 4048; baseline 0.013 -24"><span class='ocrx_word' id='word_1_163' title='bbox 130 3963 164 4024; x_wconf 69' lang='lat' dir='ltr'><strong>S.</strong></span> <span class='ocrx_word' id='word_1_164' title='bbox 181 3963 347 4036; x_wconf 62' lang='lat' dir='ltr'><strong>lituorum.</strong></span> <span class='ocrx_word' id='word_1_165' title='bbox 366 3969 449 4025; x_wconf 84' lang='lat' dir='ltr'><strong>catal.</strong></span> <span class='ocrx_word' id='word_1_166' title='bbox 467 3969 576 4042; x_wconf 81' lang='lat' dir='ltr'><strong>Soriptt.</strong></span> <span class='ocrx_word' id='word_1_167' title='bbox 595 3971 660 4026; x_wconf 84' lang='lat' dir='ltr'><strong>eoel.</strong></span> <span class='ocrx_word' id='word_1_168' title='bbox 683 3988 707 4026; x_wconf 86' lang='lat' dir='ltr'><strong>e.</strong></span> <span class='ocrx_word' id='word_1_169' title='bbox 726 3975 776 4039; x_wconf 88' lang='lat' dir='ltr'><strong>to,</strong></span> <span class='ocrx_word' id='word_1_170' title='bbox 801 3974 829 4028; x_wconf 83' lang='lat' dir='ltr'><strong>in</strong></span> <span class='ocrx_word' id='word_1_171' title='bbox 846 3973 888 4042; x_wconf 81' lang='lat' dir='ltr'><strong>Ei.</strong></span> <span class='ocrx_word' id='word_1_172' title='bbox 908 3975 977 4048; x_wconf 84' lang='lat' dir='ltr'><strong>Opp.</strong></span> <span class='ocrx_word' id='word_1_173' title='bbox 999 3993 1069 4032; x_wconf 84' lang='lat' dir='ltr'><strong>orno.</strong></span> <span class='ocrx_word' id='word_1_174' title='bbox 1094 3977 1138 4036; x_wconf 80' lang='lat' dir='ltr'><strong>ad.</strong></span> <span class='ocrx_word' id='word_1_175' title='bbox 1155 3977 1228 4036; x_wconf 70' lang='lat' dir='ltr'><strong>ntro</strong></span> 
     </span>
    </p>
   </div>
   <div class='ocr_carea' id='block_1_9' title="bbox 130 4053 547 4112">
    <p class='ocr_par' dir='ltr' id='par_1_10' title="bbox 130 4053 547 4112">
     <span class='ocr_line' id='line_1_25' title="bbox 130 4053 547 4112; baseline 0.012 -5"><span class='ocrx_word' id='word_1_176' title='bbox 130 4055 180 4109; x_wconf 87' lang='lat' dir='ltr'><strong>rin.</strong></span> <span class='ocrx_word' id='word_1_177' title='bbox 200 4053 231 4108; x_wconf 77' lang='grc' dir='ltr'><strong>Τ.</strong></span> <span class='ocrx_word' id='word_1_178' title='bbox 250 4055 465 4112; x_wconf 77' lang='lat' dir='ltr'><strong>lv.1&gt;.11.eol.</strong></span> <span class='ocrx_word' id='word_1_179' title='bbox 486 4061 547 4112; x_wconf 76' lang='lat' dir='ltr'><strong>trs.</strong></span> 
     </span>
    </p>
   </div>
   <div class='ocr_carea' id='block_1_10' title="bbox 165 4121 1085 4342">
    <p class='ocr_par' dir='ltr' id='par_1_11' title="bbox 165 4121 1085 4342">
     <span class='ocr_line' id='line_1_26' title="bbox 199 4121 1085 4239; baseline 0.014 -28"><span class='ocrx_word' id='word_1_180' title='bbox 199 4160 230 4221; x_wconf 81' lang='grc'><strong>1)</strong></span> <span class='ocrx_word' id='word_1_181' title='bbox 247 4157 348 4216; x_wconf 71' lang='lat' dir='ltr'><strong>ruet.</strong></span> <span class='ocrx_word' id='word_1_182' title='bbox 366 4159 386 4214; x_wconf 89' lang='lat' dir='ltr'><strong>l.</strong></span> <span class='ocrx_word' id='word_1_183' title='bbox 404 4160 423 4213; x_wconf 91' lang='lat' dir='ltr'><strong>l.</strong></span> <span class='ocrx_word' id='word_1_184' title='bbox 441 4175 524 4236; x_wconf 84' lang='lat' dir='ltr'><strong>prope</strong></span> <span class='ocrx_word' id='word_1_185' title='bbox 541 4161 603 4231; x_wconf 76' lang='lat' dir='ltr'><strong>fin,</strong></span> <span class='ocrx_word' id='word_1_186' title='bbox 620 4179 647 4234; x_wconf 88' lang='lat' dir='ltr'><strong>p.</strong></span> <span class='ocrx_word' id='word_1_187' title='bbox 664 4166 726 4220; x_wconf 74' lang='grc'><strong>3611.</strong></span> <span class='ocrx_word' id='word_1_188' title='bbox 745 4181 786 4222; x_wconf 81' lang='lat' dir='ltr'><strong>ar.</strong></span> <span class='ocrx_word' id='word_1_189' title='bbox 805 4169 837 4234; x_wconf 76' lang='lat'><strong>⁷3</strong></span> <span class='ocrx_word' id='word_1_190' title='bbox 855 4121 1011 4239; x_wconf 79' lang='lat' dir='ltr'><strong>fliemnysr.</strong></span> <span class='ocrx_word' id='word_1_191' title='bbox 1029 4168 1047 4224; x_wconf 94' lang='grc' dir='ltr'><strong>Ι.</strong></span> <span class='ocrx_word' id='word_1_192' title='bbox 1066 4169 1085 4223; x_wconf 94' lang='grc' dir='ltr'><strong>Ι.</strong></span> 
     </span>
     <span class='ocr_line' id='line_1_27' title="bbox 165 4261 1020 4342; baseline 0.015 -26"><span class='ocrx_word' id='word_1_193' title='bbox 165 4277 167 4282; x_wconf 95' lang='grc'><strong><em>·</em></strong></span> <span class='ocrx_word' id='word_1_194' title='bbox 199 4263 230 4326; x_wconf 73' lang='grc'><strong>8)</strong></span> <span class='ocrx_word' id='word_1_195' title='bbox 248 4263 275 4318; x_wconf 85' lang='lat' dir='ltr'><strong>ie</strong></span> <span class='ocrx_word' id='word_1_196' title='bbox 295 4261 440 4318; x_wconf 68' lang='lat' dir='ltr'><strong>aarum</strong></span> <span class='ocrx_word' id='word_1_197' title='bbox 456 4263 581 4322; x_wconf 80' lang='lat' dir='ltr'><strong>Biblioth.</strong></span> <span class='ocrx_word' id='word_1_198' title='bbox 600 4271 664 4321; x_wconf 76' lang='lat' dir='ltr'><strong>vett.</strong></span> <span class='ocrx_word' id='word_1_199' title='bbox 682 4266 738 4324; x_wconf 76' lang='lat' dir='ltr'><strong>Pr.</strong></span> <span class='ocrx_word' id='word_1_200' title='bbox 758 4267 791 4324; x_wconf 73' lang='grc' dir='ltr'><strong>Τ.</strong></span> <span class='ocrx_word' id='word_1_201' title='bbox 810 4267 847 4336; x_wconf 86' lang='lat' dir='ltr'><strong>ll,</strong></span> <span class='ocrx_word' id='word_1_202' title='bbox 864 4287 891 4342; x_wconf 85' lang='lat' dir='ltr'><strong>p.</strong></span> <span class='ocrx_word' id='word_1_203' title='bbox 910 4274 961 4328; x_wconf 80' lang='grc'><strong>111</strong></span> <span class='ocrx_word' id='word_1_204' title='bbox 976 4283 1020 4342; x_wconf 71' lang='lat' dir='ltr'><strong>“i-</strong></span> 
     </span>
    </p>
   </div>
   <div class='ocr_carea' id='block_1_11' title="bbox 0 0 1366 4796">
    <p class='ocr_par' dir='ltr' id='par_1_12' title="bbox 0 0 1366 4796">
     <span class='ocr_line' id='line_1_28' title="bbox 0 0 1366 4796; baseline 0 0"><span class='ocrx_word' id='word_1_205' title='bbox 0 0 1366 4796; x_wconf 95' lang='lat' dir='ltr'><strong> </strong></span> 
     </span>
    </p>
   </div>
  </div>
 </body>
</html>
