2710 4802
640 309 717 380 629

127 547 242 595 varana
265 537 326 594 eat.
339 528 370 605 ι)
414 525 596 594 Archelaus
617 517 695 593 aare
717 529 904 594 universam
934 527 1112 594 haereseos
1133 527 1232 616 huju

128 634 301 702 historiam
322 632 400 698 iuda
416 637 442 698 'a
463 631 652 716 primordiis
678 635 746 699 auis
778 633 950 716 repetitam
979 655 1091 700 coram
1112 633 1232 720 populo
1300 698 1303 709 ,

128 741 293 824 exposuit,
318 738 510 830 auimpaque
532 740 753 821 praesentium
776 737 929 804 adversus
951 759 1025 804 earn
1046 735 1152 806 solide
1174 737 1233 806 oh·
1281 731 1285 742 ’

127 845 281 912 lineavit.
326 841 380 908 De
401 841 537 926 reliquis
553 840 603 906 Β.
625 842 733 908 Patris
762 846 865 910 nostri
893 842 992 910 rebus
1021 847 1124 932 gestis
1144 865 1232 910 mors

127 953 213 1038 risve
236 961 382 1031 tempore
404 945 488 1012 nihil
510 947 644 1012 omnino
660 948 702 1014 ad
724 969 784 1014 non
806 948 999 1016 annulatum
1014 962 1076 1016 ast.
1111 945 1234 1036 liliisne

44 1053 61 1088 ¹
119 1055 223 1122 'illurn
246 1055 380 1119 nonita
401 1051 505 1118 multo
521 1057 600 1136 port
621 1071 739 1118 mm
760 1059 825 1121 280
845 1053 1026 1121 verisimile
1047 1067 1134 1120 eat.·

130 1281 160 1348 d.
190 1277 449 1346 Archelai
475 1277 1007 1366 disputationiscssr
1029 1279 1253 1382 Moneta·

543 1383 826 1450 editiones.

220 1543 250 1630 ᾗ.
272 1550 372 1622 5250
429 1542 512 1610 Acta
544 1545 710 1628 utriunque
743 1543 969 1626 disputationis
992 1568 1063 1612 oum
1085 1545 1234 1626 Monate,

131 1651 271 1734 primum
292 1651 327 1714 in
349 1646 430 1714 urbs
454 1643 598 1710 Cosodor
628 1648 747 1712 deindo
768 1651 803 1714 iu
832 1645 1025 1714 Diodoridit
1045 1651 1120 1716 vioo
1141 1649 1235 1716 habi·

131 1769 206 1836 tae,
229 1755 270 1819 ab
292 1753 378 1838 ipso
400 1750 564 1820 Archelao
585 1751 748 1836 syriaco
778 1741 941 1820 sermons¹
957 1753 1030 1820 luae
1060 1775 1134 1822 ease
1157 1775 1236 1824 oon·
1327 1787 1331 1794 ·

131 1863 265 1944 scripta,
288 1857 324 1922 S.
347 1855 567 1940 Hieronymus
590 1858 755 1939 monam)
799 1856 971 1925 Postmodo
993 1861 1027 1924 in
1049 1879 1237 1948 graecos·

132 1967 280 2054 linguam
302 1983 459 2030 conversa
480 1975 567 2028 suut.
613 1959 774 2028 Graccum
797 1963 886 2028 enim
909 1961 1081 2048 exemplar
1103 1965 1145 2029 ad
1167 1985 1235 2029 ma·

131 2091 211 2138 num
244 2067 309 2134 sihi
340 2067 442 2134 luisse
476 2065 512 2132 S.
535 2065 661 2132 Ductor
692 2065 716 2131 1.
739 2066 764 2132 1.
797 2067 893 2141 dicit;
927 2089 988 2135 nec
1020 2066 1237 2154 Epiphaniam

61 2180 70 2196 “
129 2177 201 2244 alia
223 2195 319 2259 quam
347 2195 467 2260 graeca
487 2173 682 2238 recensione
710 2193 805 2238 usnm
833 2171 954 2251 luism,
987 2173 1131 2258 insignia
1153 2181 1237 2256 duaa
1265 2194 1271 2204 ·

130 2281 177 2350 ab
200 2302 240 2344 ao
268 2278 453 2349 referuntur
482 2289 640 2360 excerpta
668 2279 748 2344 satia
767 2276 924 2361 produnt.
976 2273 1137 2354 Quianam
1157 2297 1236 2344 vero

129 2391 171 2454 in
192 2405 345 2472 graecum
366 2377 615 2450 sermonem'ea
636 2379 861 2462 nauatulerit,
883 2391 972 2446 carto
995 2377 1149 2449 affirmari
1171 2401 1238 2448 non
1311 2443 1315 2457 ,

131 2502 265 2576 potest..
300 2485 381 2554 Cum
405 2499 513 2554 autem
546 2486 681 2552 Photius
710 2498 866 2570 excerpta
888 2485 1047 2569 quaedam
1068 2483 1237 2568 librorum,
1290 2562 1293 2571 ¹

131 2617 216 2682 quoa
239 2593 458 2662 Heraclianus
481 2591 769 2671 Chalcedonensis¹
790 2593 960 2676 episcopua
987 2590 1142 2656 adversus
1163 2589 1238 2656 Ma-

132 2699 292 2768 nichaaos
315 2701 522 2782 conscripsit,
556 2697 703 2764 referans
725 2696 919 2776 contendat,
950 2696 1091 2762 eundem
1112 2694 1239 2762 Herac-

131 2807 259 2874 liauuur
281 2807 317 2870 iu
339 2804 542 2870 confutandis
556 2801 826 2870 Manichaeorum
842 2801 1006 2870 erroribus
1022 2795 1115 2870 usum
1137 2801 1240 2868 fuisso

133 2910 229 2980 Actis
258 2908 484 2992 disputationis
514 2906 669 2974 Archelai
698 2929 771 2974 cum
800 2907 936 2974 Manete
973 2905 1014 2972 od
1044 2903 1238 2994 Hegmoo

134 3012 348 3098 comcrtpris5
363 3015 395 3096 ²)
415 3011 458 3080 V.
481 3011 525 3078 D.
548 3011 758 3100 Zaccagninr
779 3015 814 3078 in
835 3012 1060 3106 praefectione
1083 3011 1125 3078 ad
1146 3028 1240 3080 auam

134 3118 316 3206 aditionem
337 3117 493 3184 Actorum
521 3115 611 3184 illius
641 3117 868 3203 disputationis
897 3139 963 3184 non
986 3116 1071 3184 mala
1093 3117 1238 3202 conjicit,

134 3222 379 3312 Hegemoninm
407 3221 501 3290 illurn
531 3245 589 3303 aa,
623 3244 706 3307 quaa
736 3221 777 3288 ab
807 3219 971 3290 Archelao
997 3223 1129 3306 syriaca
1151 3219 1241 3290 edita

210 3540 241 3606 1)
259 3537 293 3596 S.
317 3535 459 3608 Epipioa.
482 3537 594 3594 Haaraa
620 3539 720 3594 LXVI.
768 3538 920 3594 Notandum
948 3545 1004 3608 sat,
1033 3541 1067 3596 ah
1093 3513 1242 3614 Epiphanio

135 3643 276 3700 perperam
297 3623 476 3695 Τηρήοηεω
493 3627 582 3680 vocari
599 3629 781 3697 presbyterum
798 3621 887 3696 illum,
911 3629 956 3700 qui
978 3645 1040 3683 curn
1061 3629 1171 3686 Mmeta
1189 3629 1242 3684 dia-

137 3713 257 3788 pnlavit3
282 3713 335 3768 inno
353 3729 417 3766 vero
435 3707 579 3768 Dudum
597 3713 751 3785 appellatur.
781 3713 885 3770 'lterum
908 3715 999 3788 lapsus
1016 3721 1058 3771 est
1077 3713 1242 3787 Epiphanius

64 3833 66 3839 ,
138 3817 259 3869 namus,
277 3800 435 3854 Archelaum
452 3800 486 3853 ad
505 3799 674 3874 'lhyphonem
693 3801 867 3868 (Diodorum)
886 3805 956 3857 dnos
972 3806 1060 3858 udam
1076 3803 1194 3870 uthina,
1212 3807 1243 3856 ut

138 3905 232 3946 mrum
246 3889 360 3944 lectione
376 3887 522 3942 instructus
547 3887 620 3958 impii
636 3888 761 3944 haeretici
783 3895 893 3946 conatos
910 3895 938 3944 et
955 3891 1012 3962 ipss
1029 3889 1179 3964 infringam
1196 3905 1243 3944 vs·

140 3979 214 4034 leret.
249 3971 414 4045 aptam„
430 3975 536 4046 quidem
553 3976 703 4046 rescripsit,
727 3991 794 4046 quae
812 3977 840 4032 iu
857 3977 932 4034 dotis
950 3976 1135 4050 disputationis
1151 3975 1242 4032 etiam·
1276 3967 1278 3974 ⁴

96 4133 100 4146 Ι
140 4079 211 4120 num*
225 4069 331 4118 servata
356 4063 469 4136 legitur,
496 4063 543 4118 aad
570 4063 696 4118 librarum
722 4063 892 4120 adeundam
916 4065 1056 4122 missorum
1077 4079 1112 4118 aa
1135 4063 1243 4120 mium·

142 4151 247 4224 quidem
264 4151 363 4204 mentio
380 4149 450 4204 laeta
467 4155 515 4204 sat

210 4239 240 4301 ²)
258 4235 291 4294 S.
311 4235 430 4291 Hieron.
448 4235 531 4291 catal.
550 4235 659 4310 Seriptt.
677 4237 742 4292 eccl.
761 4255 785 4294 o.
803 4243 848 4294 72.

210 4324 243 4392 δ)
260 4321 362 4380 Panos
377 4323 502 4382 Brlrlioth.
521 4321 585 4381 coo.
602 4323 744 4382 LXXXV.
