2686 4794
683 279 759 348 272

616 373 826 390 m

170 489 248 571 ruit,
270 491 362 576 cujus
383 489 472 556 sedis
495 493 648 559 continuo
671 495 799 579 quidem
822 493 863 560 ab
879 494 1045 593 ⁸Apurrtolis
1066 496 1174 562 urdine
1193 499 1248 561 tri-

92 625 96 632 ·
171 597 331 676 raanan,
352 609 425 682 post
446 597 670 666 obsessionem
694 613 803 664 antem
825 597 916 664 illim
937 592 1148 680 ludaeorum,
1176 623 1249 701 quae

107 704 109 708 ’
170 701 339 768 Hadriano
361 716 520 790 regnante
542 703 628 769 iacta
651 717 717 783 est,
741 703 1035 790 quintumdecimum
1055 704 1156 770 locum
1176 706 1249 770 obti-

170 821 297 875 nuerat.
340 807 419 874 Post
445 805 595 874 Marcone
623 809 730 887 enim,
768 811 821 892 qui
848 811 1015 892 primus-e
1042 809 1185 896 gentibus
1210 809 1249 876 ibi

55 966 59 976 .
170 913 321 994 sedebat,
344 911 498 998 deinceps
520 927 748 980 successerant
771 913 954 993 Cassianos,
977 910 1125 993 Polline,
1146 910 1250 978 lilani·

170 1039 250 1100 scos,
271 1016 426 1085 Julianus
447 1015 494 1098 L,
519 1017 618 1100 Cujus
639 1015 681 1096 I,
706 1016 921 1098 sannanim,
947 1017 1047 1102 Cojns
1068 1015 1135 1096 11..
1155 1015 1249 1081 Julia-

170 1145 232 1190 nos
242 1117 305 1203 11,
329 1121 457 1208 Capita,
475 1119 600 1202 Valens,
614 1120 838 1202 Dalioiinnns,
860 1136 1023 1207 postremo
1035 1115 1210 1185 Nar-cissos.
1224 1123 1250 1202 ¹)
1286 1153 1290 1169 ·

140 1309 144 1314 Ι
171 1229 226 1296 De
247 1227 310 1294 boc
330 1225 484 1294 Narcisso
506 1226 607 1292 nnita
630 1249 670 1291 ac
692 1225 865 1312 splendida
887 1224 1165 1296 connnnorabant
1184 1223 1250 1288 ciui-

171 1333 252 1399 tatis
272 1331 366 1400 illins
386 1329 528 1410 incolae,
558 1317 752 1410 infidelibus
780 1332 932 1396 continuo
960 1331 1153 1402 mercatione
1176 1325 1251 1391 celat

167 1459 230 1524 per
251 1457 362 1502 nonos
382 1435 445 1501 sili
465 1436 605 1524 tradita.
620 1435 652 1520 Ω)
696 1433 815 1504 Narrat
835 1439 914 1502 item
936 1437 1115 1515 Eusebius,
1135 1430 1250 1500 Narcis-

120 1621 123 1646 .
170 1560 243 1609 snm
271 1563 291 1606 a
313 1539 478 1608 nonnullis
506 1541 660 1624 improbis
687 1543 879 1627 gravissimo
910 1539 1019 1626 aliquo
1047 1542 1185 1614 facinme
1205 1559 1250 1602 ae·

78 1697 81 1704 »
171 1659 334 1726 casatum,
359 1645 442 1712 licet
463 1649 559 1710 nemu
587 1643 732 1710 fidelium
755 1645 1035 1712 criminationibus
1056 1645 1149 1712 fidem
1170 1663 1250 1728 prae·

170 1754 323 1832 stitismt,
347 1762 456 1815 tamen
478 1761 593 1834 sponte
617 1752 801 1834 episcopatu
824 1743 860 1816 se
884 1745 1072 1830 abdicasse,
1096 1763 1128 1815 et
1147 1745 1253 1813 multos

171 1877 274 1922 annes
303 1857 338 1920 in
365 1854 540 1920 solitudine
571 1853 750 1920 delituisse.
803 1857 846 1922 Et
872 1853 939 1920 Dei
967 1855 1109 1920 vindicta
1138 1848 1252 1938 quidem

170 1961 341 2026 confestim
363 1971 476 2024 secuta
498 1971 548 2024 est
569 1961 685 2044 impios
708 1973 741 2024 et
761 1963 909 2045 perjuros
932 1972 1147 2026 accusatores.
1166 1951 1250 2040 Nat·

171 2067 255 2132 deso
290 2075 399 2130 autem
427 2063 513 2130 ultra
542 2085 606 2129 non
637 2078 813 2148 appetente
842 2063 928 2131 Dios
955 2061 1113 2149 primum,
1147 2057 1251 2125 deinde

175 2167 358 2249 timonio,
380 2181 448 2234 tum
468 2167 610 2252 Gordius
624 2171 659 2235 in
681 2170 794 2236 sedem
808 2169 1026 2256 episcopalem
1041 2168 1165 2236 suffecti
1177 2175 1251 2231 snut.
1303 2215 1304 2222 ,

170 2275 214 2341 Ar
235 2273 345 2340 subito
367 2275 459 2358 qnasi
480 2273 644 2339 redivivus
667 2277 801 2340 emersit
820 2272 1011 2357 Narcissus,
1040 2288 1074 2340 et
1094 2282 1252 2358 rogatura

101 2387 104 2394 ’
169 2379 334 2460 natabus,
357 2381 473 2463 quippe
496 2377 662 2462 qui'multo
676 2381 781 2467 magis
794 2391 869 2446 tune
882 2401 956 2446 enm
978 2379 1186 2454 mirabantur,
1207 2392 1271 2466 ιι-Ι

170 2483 305 2550 alesiam
319 2483 427 2549 denuo
447 2485 580 2567 recepit,
604 2483 662 2550 sed
677 2485 719 2549 ub
736 2497 919 2550 extremam
933 2497 1135 2551 senectutem
1148 2483 1252 2565 (annos

171 2589 259 2652 euim
282 2595 408 2652 centnm
428 2587 563 2652 sedecias
586 2591 750 2675 attigerat)
773 2588 997 2656 Alexandrum
1017 2590 1204 2672 Episcopum
1223 2581 1252 2642 in

171 2689 378 2776 Cappadocia
399 2691 444 2777 (b.
466 2693 558 2775 404.)
580 2692 644 2759 sibi
667 2698 873 2758 successoren
896 2715 941 2788 ex
962 2692 1164 2758 revelatione
1184 2705 1251 2769 qua·

168 2797 254 2878 dam,
278 2819 361 2882 quae
383 2779 614 2864 illiinsomnis
628 2811 831 2882 apparuerat,
855 2799 1019 2864 assumsit.
1032 2799 1065 2882 ³)
1109 2785 1250 2875 Hoeprt·

168 2921 250 2986 muns
270 2900 409 2968 babetur
431 2901 618 2986 exemplum
640 2903 708 2969 dati
729 2907 852 2968 viventi
867 2904 1028 2987 Episcopo
1055 2897 1251 2980 Coadjnic·
1303 2979 1304 2992 χ

169 3005 232 3100 ris
250 3027 291 3071 oc
308 3004 583 3086 Successoris,
605 3009 743 3093 primum
757 3011 836 3073 item
852 3006 1041 3092 exemplum
1060 2993 1253 3069 translati

170 3129 215 3178 ee·
235 3110 306 3176 alia
327 3111 365 3178 in
386 3109 486 3176 alian
506 3111 611 3176 reden
632 3113 794 3196 Episcopi.
817 3148 862 3162 -
904 3108 1089 3190 Narcissus,
1111 3102 1252 3190 mquidem

169 3214 259 3282 alind
280 3215 363 3283 nihil
384 3219 559 3302 scripserit,
582 3229 691 3282 tamen
704 3217 1006 3284 contmunicatorias
1021 3215 1063 3281 de
1078 3203 1252 3278 celebrando

168 3315 330 3385 Pasciate
350 3319 365 3384 1
371 3320 507 3400 iteras
529 3321 659 3406 dedisse
672 3321 809 3387 videtur.
848 3317 1008 3386 'l'estante
1024 3321 1112 3385 enim
1126 3305 1250 3380 Eusebio

48 3491 51 3498 ,
168 3427 237 3491 suis
259 3422 435 3492 etiamnum
452 3427 647 3512 temporibus
666 3425 803 3492 extabat
825 3423 962 3510 epistola
976 3423 1184 3495 sacerdotnm,
1205 3429 1251 3500 qm

168 3537 245 3594 tanc
255 3531 291 3596 in
298 3527 489 3596 Palaestina
497 3529 687 3618 congregati
697 3537 781 3608 enar,
795 3527 908 3614 quibos
918 3527 1151 3613 praesidebant
1164 3517 1250 3586 Tier-

101 3639 106 3656 “
161 3631 277 3720 philus
299 3633 478 3700 Caesareae
499 3633 711 3702 Palaestinae
732 3643 764 3698 et
785 3629 1009 3701 Narcissus
1029 3625 1251 3708 Hnroeotpnc

167 3735 444 3826 manceps.
458 3741 491 3824 ⁴)
525 3739 712 3808 Hediedum
734 3763 812 3807 vere
835 3741 918 3807 nihil
940 3743 1075 3808 omnino
1094 3733 1251 3817 reliquum·

175 4073 179 4080 .
239 4024 268 4086 t)
286 4019 385 4078 Easei.
404 4023 473 4078 ilict.
491 4023 564 4078 Eccl.
582 4021 642 4077 nn.
659 4021 691 4078 V.
710 4037 733 4074 c.
753 4028 794 4075 m.
813 4021 855 4076 ed.
874 4023 918 4076 cit.
937 4021 970 4076 Τ.
988 4021 1009 4074 1.
1029 4039 1056 4092 p.
1074 4021 1134 4072 ³87.

236 4111 267 4172 2)
285 4105 364 4163 idem
380 4109 443 4166 ibid.
461 4111 521 4164 Lib.
540 4111 587 4165 vl.
605 4125 629 4162 a.
647 4113 665 4164 o
682 4125 723 4163 nr.
743 4115 757 4162 1
775 4109 842 4178 init,
861 4127 887 4180 p.
906 4113 966 4163 ΛΜ.

236 4197 267 4260 3)
285 4193 365 4250 [dem
382 4197 446 4254 fuid:
462 4215 484 4253 c.
502 4203 520 4254 9
538 4213 580 4254 nr.
598 4203 623 4253 ἱ.
641 4200 668 4264 a,
685 4209 709 4250 c.
730 4202 771 4264 1⁰,
789 4211 812 4252 c.
832 4203 862 4250 ¹1
882 4196 976 4267 princ,
994 4212 1020 4266 p.
1038 4188 1181 4246 lid-⁴⁰⁶·

235 4277 266 4346 d)
285 4279 363 4338 Idem
376 4283 441 4341 lbitl
459 4283 520 4342 Ln.
537 4283 571 4341 V.
589 4297 613 4339 c.
631 4287 675 4338 ιθ.
693 4299 734 4345 nt·
752 4289 789 4352 2,
807 4299 833 4356 p.
850 4285 911 4338 dib.
