2710 4802
505 287 509 308 ⁶
636 303 717 378 Md

125 516 181 600 'ael
201 535 274 582 eata
298 535 338 582 eo
360 514 592 596 vermbautor,
620 517 794 608 apparabat
815 531 979 594 venatum
1008 523 1139 604 inenper
1160 543 1217 586 an·

125 632 194 686 tera
215 616 361 702 pollehet
382 622 607 706 praerogativa
628 625 776 705 propriae
805 644 863 688 eeu
893 626 1042 707 potione
1063 623 1137 692 Deo
1159 624 1217 688 do-

125 733 225 790 natae
246 721 485 810 intelligentiae
506 745 545 790 aa
566 728 757 810 sapientiae.
771 727 805 808 ³)
847 727 977 794 Deinde
1000 751 1077 794 vero
1101 726 1218 792 Carea-

124 845 225 904 rean,
246 846 330 912 qaae
352 837 403 892 eat
423 827 458 893 ln
479 823 686 908 Palaestina,
719 832 904 912 contendit,
926 833 981 898 uhi
1003 845 1076 917 poet
1096 831 1219 898 obitum

129 927 314 1008 Tleoteeee',
335 931 391 1014 qui
410 929 585 999 eoole'eienr
607 933 699 1000 illata
718 955 844 1002 minna
865 957 937 1002 oum
959 959 1037 1003 oura
1057 923 1218 1024 gohernh·

123 1045 237 1114 rarat,
263 1031 413 1118 agapem
432 1037 600 1102 romualt.
643 1035 751 1122 Hujue
771 1041 869 1126 igitar
897 1053 1042 1126 tempore
1070 1040 1219 1124 Pamphi·

122 1136 189 1218 tur,
211 1139 260 1204 vir
275 1137 504 1207 ditettittimm
524 1141 652 1226 viteque
675 1155 710 1208 et
729 1142 879 1228 operihne
901 1163 977 1210 vere
998 1144 1219 1230 philoaoplrna,

122 1247 161 1312 iu
197 1241 339 1313 eooleela
374 1241 489 1336 eadem
522 1242 717 1328 presbytero·
752 1243 866 1314 houm
903 1250 1071 1316 deeorntua
1108 1261 1168 1314 eet.
1186 1249 1219 1329 ⁴)

124 1345 236 1414 Tanto
259 1358 368 1412 antem
390 1367 469 1434 arga
490 1347 617 1417 divinae
647 1348 761 1416 literne
781 1351 887 1440 etodio
911 1356 1055 1433 exaruit,
1084 1366 1120 1418 ut
1141 1351 1218 1418 Bid-

122 1447 294 1516 letteren
327 1447 506 1517 Caesareae
538 1457 763 1535 exstruxerit,
782 1457 836 1554 Nin
870 1479 972 1541 eaque
1006 1457 1219 1524 celebriorum

123 1553 295 1620 Eeoleeiao
318 1552 513 1637 Soriptornm
534 1554 656 1635 lihroa,
686 1579 766 1642 quoa
795 1561 1006 1644 undecunque
1028 1560 1219 1647 eollegerat,

124 1669 278 1741 tanquam
306 1659 341 1722 in
370 1656 573 1724 nohiliaeimo
602 1663 741 1726 armario
771 1663 966 1747 reponebam
981 1664 1014 1746 ⁵)
1049 1667 1220 1747 praecipue

123 1781 204 1828 vero
222 1759 377 1847 *dirigende
399 1783 517 1845 opera,
539 1785 673 1846 quorum
696 1769 874 1840 maximam
895 1781 1019 1852 partem
1040 1789 1099 1832 aua
1122 1789 1220 1832 mann

125 1866 305 1949 demripalt.
319 1866 352 1946 ⁶)
408 1863 563 1935 'foetatur
593 1865 821 1952 Hieronymo,
856 1891 893 1940 ee
930 1873 1044 1958 viginti
1080 1874 1220 1954 quinque

123 1971 325 2055 Exegeaeon
347 1971 381 2036 in
409 1969 587 2054 Prophetae
608 1969 675 2039 Xll
704 1972 887 2056 volumina,
917 1976 959 2040 ab
982 1975 1127 2063 Origene
1150 1975 1219 2042 ela·

124 2072 259 2154 horata,
287 2072 448 2157 Pamphili
477 2095 554 2140 raro
577 2097 675 2152 manu
698 2089 835 2144 exarata
856 2081 890 2146 in
912 2079 1111 2146 bibliotheca
1135 2077 1219 2144 Cae-

124 2179 274 2244 eareenei
295 2179 476 2262 reperiare,
508 2201 591 2264 quoe
621 2193 710 2248 tento
738 2183 856 2268 gaudio
887 2181 1057 2267 amplexae
1087 2195 1155 2260 ert,
1184 2195 1221 2248 ut

127 2281 244 2350 Croeei
273 2305 417 2372 operae
453 2287 613 2368 reperiare
645 2283 849 2372 gloriaretur.
865 2287 897 2368 ¹¹)
949 2283 1004 2352 Sia
1033 2285 1219 2369 Pamphilae

124 2389 176 2454 rir
197 2387 309 2455 extitit
329 2401 400 2456 toto
422 2391 510 2456 ritae
530 2409 609 2458 auae
632 2405 777 2473 tempore
799 2391 833 2454 in
856 2391 942 2458 enni
956 2391 1082 2456 virtutie
1097 2411 1219 2475 genere

124 2493 391 2576 apeotatiarimua,
412 2515 472 2560 eeu
492 2493 601 2582 logum
624 2506 658 2560 et
678 2505 876 2560 oontemtnm
897 2493 998 2558 reonli
1021 2493 1219 2574 consideret,

124 2619 187 2664 aea
207 2595 364 2664 honorum
393 2597 518 2685 largam
540 2601 573 2664 in
595 2619 754 2682 pauperea
776 2600 1016 2684 erogationem,
1046 2587 1219 2664 reueren-

124 2699 243 2768 lurion
263 2700 423 2770 honorum
445 2703 486 2770 ad
508 2725 587 2786 quoe
617 2703 782 2786 adspirare
810 2713 936 2785 poterat
966 2701 1219 2786 despicientiam,

123 2827 186 2874 eeu
207 2805 346 2890 deniqne
368 2795 521 2872 arationis*
538 2819 572 2872 et
593 2805 816 2892 philosophiae
831 2807 998 2892 oujaadam
1012 2809 1098 2870 vitae
1121 2827 1219 2872 exer·
1283 2824 1286 2834 ’

125 2911 334 2984 dilationemr
370 2910 427 2976 aed
463 2932 540 2994 prae
577 2915 700 2978 onuotir
730 2923 860 2978 nonnae
891 2913 1007 2978 rotatio
1036 2909 1221 2994 hominihus

126 3015 264 3102 eminuit
284 3017 318 3082 in
341 3035 381 3080 eo
403 3009 663 3084 ardentiaeimam
692 3016 831 3084 etodium
857 3035 1020 3082 morarum
1042 3013 1219 3094 literarum,

126 3131 163 3184 et
183 3121 217 3186 in
239 3121 282 3188 iia
301 3118 417 3198 rehna,
446 3120 608 3204 quaesibi
636 3119 850 3204 perdolendos
871 3131 1098 3204 propoeuerat,
1127 3119 1219 3184 iude-

116 3223 216 3296 ,tour
237 3223 358 3290 lahorie
386 3224 558 3292 aeaidaitaa
587 3245 626 3292 ao
648 3223 835 3310 diligentia;
866 3226 908 3290 ad
936 3225 1018 3292 haee
1045 3221 1222 3312 singularia

125 3331 164 3396 in
184 3328 351 3412 proximo·
372 3341 586 3414 annotoepue,
617 3329 670 3414 qui
694 3328 733 3396 ed
754 3331 856 3414 ipram
879 3342 1097 3409 accerserunt,
1119 3327 1220 3396 hena·

126 3501 336 3516 ι-ι-ῌῌ

198 3607 228 3669 8)
245 3607 303 3661 Aet.
331 3613 407 3662 mart.
436 3607 467 3661 S.
494 3607 643 3678 Pamphili,
674 3609 744 3679 apud
770 3605 883 3662 Fahrlc.
913 3563 946 3662 'l'.
974 3609 1009 3662 ll.
1039 3627 1064 3679 p.
1088 3615 1148 3662 ²2⁰.
1179 3625 1220 3662 nr.

128 3693 166 3747 ll.
184 3692 229 3746 lln.

198 3797 227 3860 t)
245 3794 345 3851 enee.
374 3797 443 3852 lliat.
472 3795 543 3850 Eeel.
573 3797 633 3852 Lib.
659 3795 717 3854 vn.
748 3815 772 3854 o.
798 3801 841 3851 dt.
876 3813 915 3852 nr.
945 3803 996 3865 1⁰,
1027 3799 1069 3853 ed.
1095 3799 1167 3854 laud.
1193 3817 1221 3880 p.

127 3887 182 3938 557
203 3900 244 3954 eq.

198 3989 228 4050 e)
246 3983 278 4042 e.
298 3981 414 4042 marm
432 3985 516 4058 apol.
535 3987 569 4042 ao
586 3987 721 4056 moon,
739 3989 765 4042 n·
784 3974 827 4058 ει·
843 3990 912 4062 opp.
930 3987 972 4044 ee.
990 3985 1105 4043 marin.
1123 3987 1156 4045 r.
1176 3989 1221 4044 tv.
1261 3993 1265 3999 ·

128 4075 162 4130 P.
181 4073 216 4130 11.
234 4073 285 4128 ool.
303 4077 369 4140 ⁷¹¹3
387 4071 429 4128 (ll.
447 4069 549 4166 Ejaad.
567 4075 650 4133 catal
669 4075 776 4148 scriptu
794 4075 857 4131 eool.
877 4093 900 4131 o.
918 4081 944 4131 ³.

199 4181 229 4242 o)
247 4175 280 4232 S.
300 4173 416 4232 ntem
435 4177 518 4234 Catal.
537 4179 645 4268 ¹Seriptt.
662 4181 726 4236 eool.
744 4197 768 4234 o.
786 4185 829 4236 ⁷5.

199 4285 230 4348 l)
247 4281 281 4340 S.
299 4279 416 4340 lllaete.
440 4281 458 4340 l.
475 4282 494 4339 l.
