2710 4802
641 295 649 316 ¹
942 292 947 306 ἱ

613 339 616 350 ·
696 315 771 395 681

629 409 840 430 Μ

606 447 612 458 s
893 439 901 454 ⁶
933 451 939 468 g

184 531 260 600 dero
282 532 341 600 ssd
362 552 492 618 prorsus
515 531 609 602 aliud
630 551 664 602 es
684 545 757 604 teta
772 531 916 624 pristino
943 527 1029 600 aiiii
1057 527 1182 597 omino
1204 547 1285 594 coss·

182 635 275 704 nune
294 637 416 706 doleas
444 644 634 716 suscitatum
664 665 776 710 serum
807 662 922 724 corpus
950 639 985 704 in
1015 650 1142 704 tantum
1169 637 1286 700 mutari

183 763 223 810 so
245 743 434 830 glorificari,
455 745 492 810 tn
513 753 675 832 quantun,
689 755 766 812 ueste
788 769 809 809 a
827 747 965 828 peccalo
979 739 1102 824 fuisset
1122 739 1284 822 desorata·
1326 792 1330 808 .

185 855 251 914 iuss
273 857 305 915 et
327 849 532 916 dassaretas.
550 852 603 933 ¹⁹)

662 1166 804 1242 XVIII.

142 1464 150 1470 .
184 1343 315 1432 Acta
338 1341 434 1432 SS.
459 1343 729 1452 Martyrum
751 1343 992 1430 Ecclesiae
1022 1343 1283 1448 orientalis,

365 1487 444 1594 pot
473 1484 629 1572 seculo
661 1486 797 1570 tertio
822 1485 955 1590 passi
983 1490 1106 1570 sunt.

718 1708 758 1777 A.

185 1849 250 1924 SS.
278 1847 496 1940 Leonidae,
524 1849 736 1941 Plutarchi,
765 1849 1017 1943 Serenorum,
1044 1849 1279 1940 Heraclidis,

251 1969 420 2092 lleronis
449 1984 489 2045 et
514 1971 698 2048 Heraidis
726 1973 902 2064 martyrii
931 1973 1213 2073 compendium.

270 2159 300 2246 d.
323 2168 427 2236 566.
473 2157 629 2245 Septimio
650 2159 795 2224 Seuero
828 2183 947 2227 annum
970 2165 1099 2246 imperii
1120 2166 1281 2232 decimam

183 2279 321 2354 agente,
355 2265 578 2332 Alexandriae
602 2279 634 2330 et
656 2268 753 2330 totius
776 2267 915 2352 Aegypti
938 2267 1173 2350 praefecturam
1196 2269 1280 2334 obti-

183 2383 281 2436 nente
305 2369 441 2450 Laeto.
458 2371 686 2455 Episcopatum
716 2394 792 2436 vero
825 2371 1033 2437 ecclesiarum
1057 2371 1185 2438 illarum
1208 2388 1281 2457 post

183 2475 306 2542 Juliani
329 2467 450 2541 obitum
473 2475 637 2540 Demetrio
660 2499 774 2541 recens
804 2477 940 2560 adepto,
971 2481 1204 2560 persecutionis
1227 2499 1283 2546 ar-.

184 2581 404 2646 densissimum
441 2579 600 2668 flagrabat
640 2582 851 2662 incendium,
893 2595 988 2666 alque
1024 2577 1279 2650 innumerabiles

140 2679 153 2716 ³
184 2689 335 2770 martyrio
366 2683 620 2764 colonabanlur,
659 2681 830 2768 piaecipue
867 2683 1091 2751 Alexandriae
1120 2701 1215 2772 atque
1245 2691 1279 2754 in

182 2791 333 2856 universa
355 2791 502 2877 Aegypto
526 2813 563 2856 ac
586 2787 769 2854 Thebaide.
788 2791 817 2872 ¹)
861 2787 898 2854 lo
922 2791 962 2854 iis
985 2802 1112 2870 autem,
1135 2795 1189 2876 qui
1210 2791 1278 2858 lac·

181 2897 297 2960 tissimi
319 2889 445 2982 pugiles
476 2917 515 2960 eo
546 2907 695 2979 tanquam
727 2898 761 2958 in
792 2893 1022 2977 staminiarum
1052 2893 1118 2959 Dei
1140 2895 1279 2962 stadium

182 2999 361 3066 deducti-et
376 3001 615 3088 cujusquemodi
639 2979 799 3064 tormenta
822 3011 1004 3082 mortesque
1026 2998 1147 3065 invicto
1168 3001 1278 3066 auimo

180 3106 326 3202 perpessi
348 3104 550 3170 immortales
573 3127 592 3169 a
614 3103 688 3169 Deo
711 3125 848 3168 coronas
871 3121 1083 3190 acceperunt,
1106 3125 1187 3198 prae
1207 3127 1277 3172 om·

180 3207 275 3302 nibus
299 3209 487 3274 observatur
518 3209 712 3272 Leonides
741 3208 785 3294 (ᾗ.
807 3210 905 3292 407),
937 3213 1008 3294 qui,
1038 3223 1074 3275 ut
1103 3195 1218 3276 verbis
1240 3209 1276 3275 S.

179 3311 353 3396 Epiphanii
375 3328 522 3393 utamur,
556 3313 732 3378 amittendo
756 3327 851 3396 caput
871 3336 928 3396 pro
953 3313 1031 3379 lesu
1055 3313 1184 3381 Christo
1207 3316 1277 3379 dia·

180 3414 274 3482 derna
298 3431 464 3482 aeternum
488 3419 710 3501 acquisivit.²)
762 3417 869 3503 Hujus
892 3419 927 3482 S.
951 3417 1106 3503 Martyris
1130 3419 1279 3488 natalitia

180 3517 391 3607 adsignantur
413 3529 455 3588 22
478 3521 581 3606 April.
604 3529 687 3590 203.
732 3523 788 3596 Es
819 3545 858 3587 eo
882 3537 988 3588 autem
1021 3537 1184 3608 tempore,
1215 3547 1276 3610 quo

178 3638 301 3710 patrem
323 3647 416 3692 suum
445 3627 490 3692 ila
519 3630 690 3706 amiserat,
721 3623 883 3714 Origenes
906 3629 1032 3694 divinas
1054 3627 1276 3714 humanasque

250 3939 499 4006 racemosus.
523 3941 565 3994 os
585 3931 729 3998 'memes
752 3943 848 4016 nego.
874 3961 914 3998 nr.
937 3949 962 3998 s.
981 3950 1007 4000 a.
1025 3947 1058 4008 o,
1083 3951 1203 4016 s-ss;
1230 3963 1273 4017 sp.

139 4022 152 4058 ·'
180 4025 310 4083 amans.
329 4047 355 4100 p.
373 4035 425 4085 ππ
443 4045 503 4099 sqq.

223 4185 226 4192 ,
248 4131 278 4197 ι)
295 4129 396 4186 Esset.
415 4131 484 4186 ilias.
502 4131 567 4188 secl.
584 4131 646 4188 Lis.
662 4133 707 4208 Vl.
725 4149 748 4189 c
768 4143 792 4190 s.
810 4151 851 4190 nr.
871 4143 896 4192 1.
914 4135 991 4202 med,
1009 4133 1051 4190 sd.
1069 4131 1273 4191 zinmsmann.

219 4219 279 4274 886.
309 4245 313 4256 =
497 4265 500 4272 ,
543 4260 548 4272 .
726 4247 730 4254 ·

176 4231 203 4288 ΡΙ
244 4323 275 4388 2)
291 4320 371 4414 ldsttt
387 4322 451 4380 ibid.
469 4337 494 4380 s.
514 4329 537 4380 i·
554 4323 636 4394 nst,
652 4324 695 4384 ed.
712 4323 782 4382 laud·
801 4343 826 4394 p.
845 4329 906 4380 ³8⁵.
